2997 3690
2725 153 2752 202 7

170 305 386 357 quomodo
417 318 445 349 a
475 301 654 349 'ribei-io
686 302 944 346 subventum
977 303 1034 347 sit
1067 303 1218 357 refert,
1250 303 1426 348 scribit:
1457 299 1767 353 asperrima
1799 298 1842 339 in
1875 297 2109 340 Sardianos
2138 297 2225 339 lues
2250 297 2483 351 plurimum
2513 298 2555 339 in
2588 297 2754 340 cosdem

173 374 484 418 misericordiae
513 373 670 415 tra-rit:
711 385 810 415 nam
840 374 985 417 centies
1012 374 1245 417 sestertium
1265 371 1481 428 pollicitus
1513 370 1674 414 Caesm·
1704 373 1741 411 et
1771 373 1970 425 quantum
2001 369 2170 413 aerario
2200 373 2276 412 aut
2302 370 2401 424 fisco
2424 369 2675 423 pendebant,
2707 372 2749 412 in

170 447 498 502 quinquennium
539 446 712 488 remisit.
775 444 991 502 Maynetes
1020 461 1048 489 a
1080 445 1224 501 Sipylo
1250 443 1509 499 -prooeimi
1540 443 1693 486 damno
1735 457 1785 485 ac
1824 441 2004 485 remedio
2036 442 2213 486 habiti
2244 441 2340 493 (ubi
2371 444 2475 489 vide
2508 444 2751 500 Nipperdei

169 516 310 575 adm),
342 519 457 563 idem
488 530 590 562 aun.
615 517 683 572 15,
706 518 732 563 6
753 532 880 574 neque
902 516 1081 562 Gorbulo
1102 516 1256 561 aemuli
1278 516 1450 570 patiens
1469 518 1559 557 erat
1588 517 1626 557 et
1650 513 1815 564 Paetus,
1848 514 1912 556 cui
1942 515 2047 558 satis
2076 514 2137 557 ad
2163 512 2345 569 ylariani
2376 518 2477 571 erat,
2497 516 2536 557 si
2560 517 2754 568 prori-

171 603 295 633 ntus
326 590 393 631 110
413 588 645 641 beretur,
677 589 923 645 despiciebat
949 593 1079 644 qesta,
1111 590 1266 634 Cicero
1297 589 1354 632 ad
1386 590 1483 631 Att.
1520 588 1556 641 1,
1590 584 1630 642 1,
1654 586 1682 631 3
1714 584 1945 640 (Caninius
1976 588 2181 643 Satyrus)
2215 587 2403 629 observat
2434 586 2484 632 L.
2519 586 2756 629 Domitium

169 662 365 714 maxime,
396 674 462 703 mc
492 661 652 704 habet
673 663 1008 716 prozimum.

388 735 635 791 Adiungam
667 737 854 780 alterum
887 746 1028 789 genus
1060 733 1232 777 dicendi
1268 733 1412 776 minus
1442 736 1708 782 accuratum,
1741 731 1856 784 (10011
1887 736 2059 785 spectat
2091 733 2146 775 ad
2178 732 2362 775 omissos
2395 731 2520 775 verbi
2552 733 2757 776 substan-

171 804 256 851 tivi
277 806 599 861 coniunctivos,
630 807 818 851 maxime
849 807 1100 861 praesentis
1131 811 1177 848 et
1206 804 1453 859 imperfecti
1484 809 1741 858 temporum,
1772 804 1972 857 quodque
2020 817 2075 847 ex
2106 810 2233 857 parte
2265 818 2293 848 a
2325 804 2456 849 Livio
2488 805 2605 850 docti
2637 806 2757 850 abiu·

171 879 389 923 dicarunt.
453 880 551 936 Qua
581 879 627 922 in
659 891 707 921 re
739 882 889 922 1101010
921 882 990 922 051
1019 879 1184 922 00110111
1216 877 1474 931 scriptorem
1509 877 1645 920 latius
1677 875 1763 920 sibi
1793 875 2030 920 indulsisse
2063 889 2190 930 (10001
2212 877 2426 932 Tacitum,
2459 878 2674 922 latissime
2707 879 2754 923 in

172 954 395 1005 postremo
426 962 559 1006 opere
591 950 824 1005 annalium,
863 951 1036 1006 parcius
1078 950 1124 994 in
1166 949 1386 1005 prioribus
1419 948 1597 1003 scriptis
1635 952 1682 992 et
1719 948 1891 1003 quidem
1925 969 1978 977 —
2013 953 2318 1004 praeterquam
2361 950 2406 994 in
2438 950 2753 1005 interrogatio·

171 1022 299 1066 nibus
335 1022 563 1067 indirectis
605 1046 664 1053 -
700 1023 876 1067 nonnisi
920 1023 1107 1067 alterius
1148 1021 1276 1066 verbi
1305 1020 1585 1065 coniunctivo
1618 1020 1771 1064 eadem
1803 1020 2056 1064 condicione
2087 1021 2328 1075 subiuncto,
2360 1035 2447 1076 qua
2478 1023 2533 1066 de
2565 1036 2614 1067 re
2654 1023 2754 1067 vide

171 1094 411 1149 Nipperdei
452 1094 603 1138 adnot.
647 1095 704 1138 ad
745 1107 845 1138 ann.
893 1094 935 1146 1,
977 1093 1017 1138 7.
1080 1095 1175 1139 1001
1218 1098 1266 1138 01
1307 1093 1464 1138 Livius
1511 1093 1615 1147 quid
1658 1091 1744 1136 sibi
1775 1092 1820 1136 in
1854 1093 1934 1136 hoc
1965 1105 2127 1148 genere
2169 1094 2418 1147 permiserit
2448 1101 2756 1151 cognoscatur,

169 1163 386 1222 plenam¹)
433 1166 686 1211 exhibemus
733 1167 924 1211 locorum
973 1166 1346 1211 enumerationem
1409 1165 1603 1209 codicum
1656 1164 1908 1209 memoriam
1955 1165 2108 1219 secuti,
2164 1165 2248 1209 nisi
2300 1168 2412 1220 quod
2461 1167 2577 1211 haud
2623 1168 2755 1211 dubie

170 1242 379 1293 corrupta
409 1239 674 1294 reliquimus,
718 1240 840 1283 velut
885 1239 1121 1283 manifesto
1162 1238 1444 1294 complurium
1476 1239 1707 1281 verborum
1742 1234 1917 1280 defectu
1958 1237 2163 1281 laborant
2195 1238 2279 1281 duo
2310 1238 2407 1291 loci,
2441 1240 2515 1292 qui
2547 1244 2649 1283 sunt
2683 1239 2755 1293 22.

167 1308 243 1364 31,
279 1309 332 1354 11
376 1314 421 1353 01
463 1309 533 1366 44,
566 1310 607 1366 4,
638 1310 678 1366 4,
720 1323 898 1366 quorum
943 1313 1130 1356 alterum
1164 1311 1495 1365 Weissenborn,
1540 1310 1728 1354 alterum
1772 1309 1946 1352 Vahlen
1990 1309 2152 1363 optime
2185 1310 2503 1365 suppleverunt
2535 1312 2755 1366 vulgoque

168 1382 347 1436 probati
378 1388 494 1426 sunt.
556 1383 615 1426 Hi
647 1388 793 1426 autem
825 1384 907 1427 huc
947 1382 1187 1437 pertinent:
1219 1381 1261 1436 2,
1286 1381 1358 1434 23,
1401 1381 1429 1425 5
1471 1379 1785 1430 sciscitantibus,
1824 1379 1933 1421 unde
1982 1379 2051 1422 illc
2105 1381 2282 1432 habitus,
2333 1381 2442 1424 unde
2493 1382 2753 1439 deformitas,

175 1453 214 1509 1,
249 1452 320 1510 59,
353 1450 381 1493 2
411 1454 667 1507 stupentibus
695 1453 896 1494 miraculo
938 1454 1013 1509 rei,
1057 1453 1164 1494 unde
1204 1466 1354 1493 ’vovum
1397 1454 1441 1493 in
1473 1452 1604 1493 Bruti
1642 1455 1809 1504 pectore
1850 1451 2072 1504 inqenium,
2106 1452 2175 1506 35,
2198 1453 2269 1506 49,
2305 1453 2331 1497 6
2365 1467 2457 1495 cum
2488 1455 2755 1505 miraremur,

166 1525 281 1567 unde
323 1525 386 1567 illi
426 1537 471 1567 eo
519 1529 698 1579 tempore
738 1527 839 1568 avoni
880 1530 964 1567 tam
1002 1527 1122 1566 varia
1164 1530 1200 1566 et
1246 1525 1376 1565 oritdta
1407 1526 1581 1574 venatio,
1612 1524 1685 1579 26,
1718 1524 1790 1578 27,
1824 1523 1850 1568 6
1884 1522 2024 1566 consul
2054 1522 2194 1573 ediscit,
2227 1523 2299 1578 qui
2345 1539 2521 1579 quorum
2551 1540 2679 1579 opera
2712 1525 2759 1569 id

172 1596 394 1648 conflatum
440 1596 674 1638 incendium
724 1597 844 1651 (esset
885 1599 1134 1642 necessario
1177 1599 1423 1641 addendum
1467 1597 1575 1640 (11011
1618 1597 1804 1651 Madvig
1847 1610 1927 1640 0111.
1974 1598 2072 1640 Liv.
2106 1611 2147 1651 p.
2182 1594 2323 1652 380²),
2352 1598 2619 1651 profiteretur
2658 1607 2754 1653 cet„

164 1667 242 1724 23,
262 1667 331 1724 34,
354 1669 381 1713 5
404 1681 494 1711 cum
519 1672 743 1723 quaereret,
765 1669 836 1723 qui
857 1672 893 1710 et
913 1668 1023 1709 unde
1042 1672 1077 1709 et
1099 1681 1178 1722 quo
1199 1668 1405 1709 tenderent
1435 1681 1616 1722 cursum,
1639 1667 1710 1722 27,
1736 1667 1805 1718 19,
1840 1667 1866 1711 9
1899 1681 2017 1720 quem
2039 1681 2131 1708 cum
2142 1672 2459 1720 percontaretur
2489 1669 2640 1722 Scipio,
2664 1672 2759 1724 quis

169 1742 206 1781 et
227 1740 345 1781 cuias
371 1744 408 1781 et
428 1753 501 1781 cur
520 1740 567 1781 id
588 1741 735 1781 aetatis
755 1741 798 1781 in
819 1742 968 1781 castris
987 1741 1145 1793 suisset,
1169 1741 1240 1794 44,
1259 1739 1327 1795 18,
1350 1740 1377 1784 3
1410 1755 1474 1794 sq.
1497 1742 1541 1780 ut
1561 1738 1824 1791 coeplorarent
1846 1775 1856 1784 ,
1882 1775 1891 1784 .
1917 1772 1926 1781 .
1952 1774 1961 1783 .
1986 1753 2040 1780 an
2062 1739 2149 1780 iam
2171 1753 2309 1782 omncs
2340 1742 2557 1795 anqustiae
2586 1756 2757 1795 exsupe-

164 1815 293 1853 ratae
334 1813 482 1863 (essent
524 1815 682 1857 inserit
723 1814 905 1868 Madvig
942 1814 969 1855 1.
1003 1828 1037 1855 c.
1071 1828 1112 1867 p.
1157 1809 1264 1855 689²
1295 1827 1351 1865 n.,
1400 1810 1618 1864 ‹anqustias
1665 1813 1978 1862 exsuperassent
2009 1812 2245 1865 temptavit
2277 1813 2615 1867 Weissenborn)
2648 1817 2684 1856 et
2716 1815 2759 1856 in

167 1897 306 1938 aequa
337 1884 424 1926 loca
449 1885 743 1936 pervenissent,
775 1883 801 1939 ξ
833 1881 861 1925 4
892 1884 1036 1938 quanti
1059 1884 1310 1937 praeparati
1341 1885 1587 1924 conmeatus
1630 1884 1668 1923 et
1697 1881 1806 1923 unde
1837 1882 2022 1923 terrestri
2052 1882 2206 1933 itincre,
2237 1882 2347 1925 unde
2376 1883 2550 1927 navibus
2580 1898 2757 1938 suppor-

169 1959 371 2008 tarenlur,
404 1957 447 2010 2,
481 1957 551 2012 21,
585 1957 611 2001 4
644 1957 748 1998 tanti
768 1951 941 1999 &rores
969 1955 1183 2009 implicant
1213 1959 1437 2009 temporum
1472 1990 1481 2000 .
1516 1988 1526 1997 .
1560 1987 1569 1997 .
1600 1988 1610 1998 .
1656 1957 1701 1996 ut
1731 1967 1802 1997 nec
1833 1955 1905 2009 qui
1935 1954 2119 1997 consules
2148 1955 2373 1998 secundum
2404 1970 2517 2011 quos,
2550 1971 2621 2000 uec
2653 1957 2758 2012 quid

169 2042 329 2082 quoque
360 2042 470 2071 anno
502 2033 637 2071 actum
667 2030 722 2071 sit
754 2064 764 2075 .
799 2065 808 2074 .
844 2062 853 2072 .
888 2065 897 2074 .
932 2028 1116 2083 diyerere
1138 2028 1278 2082 possis
1312 2055 1367 2060 —
1399 2027 1470 2082 26,
1505 2026 1575 2082 40,
1610 2026 1666 2072 10
1698 2040 1790 2069 cum
1820 2027 1859 2069 ci
1889 2026 2109 2069 multitudo
2140 2027 2276 2069 maior
2306 2042 2432 2084 quam
2468 2029 2759 2071 Numidarum

157 2100 319 2154 procul
347 2101 439 2144 visa
471 2100 551 2157 (50.
585 2099 735 2153 055012),
779 2103 892 2158 quod
934 2101 1049 2146 adici
1079 2101 1202 2146 iubet
1233 2101 1415 2157 Siesbye
1452 2101 1568 2156 apud
1609 2102 1882 2158 Madvigium
1916 2115 1997 2145 em.
2042 2102 2140 2146 Liv.
2189 2116 2230 2157 p.
2277 2100 2387 2147 388²
2418 2101 2481 2158 n.)
2524 2107 2562 2144 et
2604 2103 2760 2145 clamor

169 2172 388 2216 Romanus
408 2173 734 2229 haudquaquam
754 2175 916 2229 iynotus
937 2173 995 2215 ad
1015 2174 1134 2214 auris
1155 2172 1368 2214 accidisset
1397 2196 1454 2201 —
1468 2172 1508 2222 4,
1532 2172 1603 2227 53,
1627 2172 1682 2216 13
1705 2175 1919 2226 tamquam
1941 2173 2057 2214 haud
2078 2173 2229 2215 dubius
2251 2175 2356 2215 inter
2376 2175 2562 2217 tribunos
2582 2176 2760 2217 militum

387 2292 414 2336 ¹)
465 2294 691 2329 Kuehnastii
717 2293 755 2329 in
783 2293 934 2338 syntaxi
960 2292 1118 2328 Liviana
1145 2304 1179 2337 p.
1206 2291 1276 2327 277
1315 2291 1520 2337 disputatio
1555 2295 1592 2326 et
1628 2302 1826 2336 paucorum
1865 2292 2113 2337 exemplorum
2149 2298 2207 2329 est
2244 2303 2311 2329 nec
2337 2293 2375 2329 in
2402 2293 2458 2329 his
2485 2294 2577 2340 ipsis
2604 2295 2758 2331 diversa

166 2362 320 2397 genera,
353 2356 396 2387 ut
433 2363 504 2397 par
542 2357 613 2395 est,
647 2352 919 2395 discernuntur,
963 2352 1077 2387 etiam
1112 2351 1245 2387 alienis
1278 2350 1469 2392 immixtis,
1502 2351 1608 2386 velut
1639 2352 1698 2394 22,
1726 2352 1784 2394 52,
1810 2352 1832 2386 5
1861 2354 2013 2394 praeter
2044 2361 2153 2395 equos
2178 2352 2345 2395 virosque
2379 2357 2413 2386 et
2438 2353 2473 2387 si
2497 2353 2587 2397 quid
2614 2356 2764 2398 amenti

170 2412 235 2455 (sc.
264 2414 353 2454 erat,
379 2423 452 2447 non
480 2414 570 2445 esset
584 2423 597 2454 ,-
623 2411 668 2447 cf.
695 2412 783 2447 Tac.
809 2411 896 2446 hist.
922 2411 955 2454 4,
983 2411 1029 2446 46
1061 2409 1318 2445 Germanicum
1344 2409 1674 2454 Britannicumque
1709 2410 1865 2444 militem
1904 2421 1948 2444 ac
1975 2411 2075 2455 siqui
2098 2411 2258 2446 aliorum
2284 2412 2518 2455 exercituum,
2547 2417 2754 2458 separatim

171 2469 349 2505 adsistere
374 2470 481 2514 iubet,
519 2472 612 2507 Xen.
638 2472 720 2516 cyr.
747 2470 780 2512 5,
806 2472 840 2515 2,
865 2471 888 2506 5
926 2466 996 2519 οἷς,
1029 2474 1098 2519 σῦς
1128 2471 1193 2510 καὶ
1226 2468 1301 2511 εἴτι
1322 2470 1490 2525 βρωτόν,
1516 2470 1661 2506 Vahlen
1687 2471 1734 2505 ad
1761 2471 1835 2506 Cic.
1863 2472 1905 2507 (10
1932 2472 2031 2516 legg.
2063 2472 2097 2514 2,
2123 2472 2181 2515 25,
2209 2472 2266 2516 63,
2294 2473 2410 2508 etiam
2436 2473 2519 2509 Liv.
2546 2475 2602 2513 37.
2630 2476 2688 2519 45,
2717 2477 2762 2512 15

170 2529 334 2564 Eumeni
356 2539 496 2573 quoque
519 2529 628 2563 reddi
650 2529 899 2574 quadraginta
924 2529 1066 2563 talenta
1091 2533 1124 2563 et
1149 2528 1247 2573 quod
1268 2529 1445 2571 frumenti
1466 2529 1645 2572 reliqmtm
1671 2540 1715 2563 ez
1733 2540 1784 2572 eo,
1811 2529 1909 2573 quod
1927 2530 2037 2573 patri
2051 2529 2214 2564 debitum
2231 2535 2295 2574 est,
2308 2531 2452 2575 placet)
2471 2537 2592 2567 cetera
2613 2535 2763 2578 praeda

169 2588 381 2634 diripienda
406 2589 495 2624 data
523 2593 576 2624 cst
601 2597 667 2626 aut
691 2591 725 2633 8,
751 2591 809 2634 25,
837 2591 881 2626 12
908 2590 1087 2633 cociearct
1105 2600 1146 2634 p.
1168 2589 1215 2626 R.
1231 2590 1368 2633 potius,
1396 2599 1476 2623 cum
1501 2592 1638 2633 quanto
1662 2588 1786 2624 studio
1810 2588 1969 2624 reditum
1995 2589 2033 2623 in
2059 2590 2264 2625 amicitiam
2289 2601 2396 2626 suam
2423 2596 2515 2627 esset
2541 2603 2652 2638 quam
2680 2605 2754 2639 qua

167 2649 339 2684 stultitia
364 2648 409 2683 de
434 2649 556 2693 officio
583 2649 776 2693 decessum,
806 2651 900 2695 quod
934 2661 980 2686 ex
1014 2651 1193 2686 communi
1219 2660 1287 2686 0511
1321 2650 1468 2686 dicitur.
1525 2650 1647 2685 Aliter
1680 2655 1897 2695 comparata
1935 2656 2023 2686 sunt
2057 2651 2174 2687 etiam
2214 2663 2308 2696 quae
2344 2653 2403 2696 21,
2432 2653 2488 2696 15,
2516 2655 2537 2690 3
2572 2655 2760 2700 leguntur

171 2712 302 2744 octavo
328 2719 447 2744 mense
474 2720 583 2753 quam
615 2712 779 2753 coeptum
806 2709 1016 2754 oppuyuari
1046 2713 1194 2754 captum
1231 2709 1431 2753 Sayuntum
1459 2708 1609 2754 quidam
1641 2709 1831 2752 scripsere,
1865 2721 1933 2746 nec
1959 2711 2065 2746 nobis
2100 2716 2176 2746 tam
2204 2712 2295 2747 dura
2322 2724 2431 2757 quam
2457 2715 2761 2751 Weissenbornio

171 2768 221 2805 sit
253 2769 441 2816 supplenti
466 2769 651 2814 videntur,
679 2769 723 2805 cf.
750 2768 807 2814 34,
833 2769 867 2814 8,
893 2769 916 2805 3
942 2769 1033 2814 (lex)
1060 2768 1196 2813 vz'yinti
1220 2769 1329 2802 annis
1357 2772 1444 2812 post
1477 2768 1659 2812 abroya-ta
1693 2772 1746 2802 est
1780 2779 1890 2813 quam
1916 2769 2008 2805 lata.
2060 2771 2228 2816 Denique
2255 2773 2315 2815 22,
2341 2774 2398 2815 44,
2426 2774 2446 2808 7
2473 2775 2511 2808 in
2537 2775 2593 2808 his
2620 2774 2760 2807 videret

169 2832 221 2874 ut,
266 2829 395 2875 quibus
431 2829 558 2874 linqua
602 2833 778 2874 prompta
827 2840 871 2864 ac
916 2830 1122 2872 temeraria,
1166 2839 1281 2874 aeque
1312 2830 1351 2862 in
1384 2839 1514 2873 puyna
1558 2829 1720 2873 viyerent
1757 2840 1887 2864 manus
1920 2831 1967 2866 iis
2006 2832 2204 2876 assentior,
2257 2834 2318 2877 qui
2356 2833 2491 2877 viqeret
2525 2835 2562 2870 in
2598 2836 2762 2870 relativa

171 2890 363 2926 sententia
389 2890 609 2925 audiendum
636 2895 821 2934 statuunt,
847 2895 890 2925 ut
915 2891 1053 2925 ironice
1080 2891 1226 2925 dicatur
1252 2891 1299 2925 iis
1325 2889 1452 2933 linqua
1477 2889 1608 2933 re'yere,
1635 2891 1680 2925 cf.
1706 2890 1764 2934 39,
1791 2891 1849 2935 40,
1876 2892 1897 2926 7
1924 2892 2028 2926 cuius
2053 2891 2183 2936 linqua
2208 2903 2249 2927 eo
2275 2893 2358 2928 viro
2385 2894 2552 2937 viquerit.

387 2949 416 2992 ²)
468 2949 694 2994 Quamquam
718 2952 803 2987 nolo
830 2955 968 2993 tacere,
995 2950 1090 2995 quod
1115 2950 1296 2995 quondam
1323 2950 1489 2995 cogitavi
1521 2961 1628 2995 posse
1662 2949 1800 2986 iterum
1837 2950 1876 2986 in
1901 2951 2025 2997 priore
2051 2952 2212 2988 membro
2252 2953 2371 2989 audiri
2410 2952 2614 2990 acct'dt'SSJt.
2667 2955 2760 2991 Nam

168 3008 369 3044 multitudo
394 3009 515 3044 maior
531 3009 584 3044 ad
600 3009 724 3045 oculos
749 3009 915 3045 accidere
941 3009 1087 3053 dicitur,
1112 3009 1292 3054 ,quomodo
1318 3009 1466 3046 Hirtius
1492 3009 1525 3046 b.
1544 3020 1579 3055 g.
1606 3009 1640 3053 8,
1655 3009 1726 3053 8,3
1752 3010 1885 3046 scribit
1908 3019 1955 3044 ne
1981 3011 2135 3046 naaiom's
2158 3011 2405 3047 multitudinis
2429 3014 2568 3057 species
2594 3014 2761 3048 accidere

171 3069 388 3112 (vernaculo
414 3081 580 3107 sermone
606 3071 781 3108 similiter
800 3069 1014 3115 ,auffallenD
1033 3068 1196 3105 hostibus
1215 3072 1342 3114 Posset
1367 3076 1406 3106 et
1432 3070 1559 3106 Cicero
1585 3070 1691 3107 Verr.
1718 3070 1751 3114 4,
1780 3072 1799 3107 1
1827 3069 1848 3116 ξ
1875 3072 1898 3108 2
1922 3070 2016 3105 nihil
2041 3072 2161 3115 istum,
2181 3071 2278 3116 quod
2302 3072 2353 3106 ad
2378 3072 2503 3107 oculos
2528 3074 2764 3118 animumque

170 3124 358 3172 acciderit,
382 3129 424 3164 iu
451 3129 583 3166 Sicilia
606 3129 807 3175 reliquisse.
858 3131 929 3167 Sed
955 3131 1046 3167 illud
1071 3136 1254 3177 praestat,
1285 3141 1354 3166 nec
1379 3130 1418 3166 10
1451 3130 1520 3166 hac
1545 3141 1585 3165 re
1619 3131 1892 3176 neglegendum
1930 3137 2000 3175 est,
2035 3133 2131 3177 quod
2156 3133 2285 3168 Livius
2322 3133 2507 3169 interdum
2534 3127 2762 3171 indicativus

171 3190 278 3226 verbi
313 3190 546 3228 substantivi
579 3192 618 3227 in
652 3191 854 3227 sententiis
892 3190 1253 3228 coniunctionalibus
1292 3190 1488 3226 subiuncto
1522 3190 1731 3227 indicativo
1776 3192 1934 3227 alterius
1972 3192 2079 3228 verbi
2115 3193 2250 3236 omisit,
2280 3197 2323 3228 ut
2348 3193 2382 3236 9,
2409 3193 2466 3237 46,
2496 3194 2542 3229 14
2575 3193 2689 3228 donec
2719 3194 2762 3240 Q.

174 3248 319 3285 Fabius
344 3252 378 3284 et
404 3249 447 3284 1³.
474 3249 616 3285 Decius
642 3260 806 3286 censores
827 3251 926 3295 facti
949 3252 1014 3296 (sc.
1041 3252 1143 3288 511011
1171 3254 1205 3287 ct
1232 3248 1376 3285 Fabius
1402 3260 1542 3284 omnem
1570 3249 1763 3292 forensem
1798 3250 1941 3286 turbam
1968 3255 2151 3287 excretam
2188 3252 2228 3285 in
2253 3254 2429 3296 quattuor
2453 3252 2571 3288 tribus
2598 3255 2765 3291 con-tecit.
