2997 3690
250 180 320 229 12

236 325 427 370 donavit
460 330 506 370 et
537 325 584 370 in
617 340 697 371 sua
731 327 949 372 diorthosi
982 329 1046 372 sic
1077 329 1283 383 scripsit:

672 441 696 462 ⁹
820 396 945 452 μήτοι
975 396 1054 450 μὲν
1084 398 1256 453 καμάτῳ
1289 397 1560 451 ἇδηκότες
1591 398 1708 452 ἡδέι
1742 400 1888 456 ὕπνῳ

826 468 1097 523 κοιμήσωνται

243 544 472 588 immemor
503 559 652 588 eorum
686 559 796 597 quae
830 545 872 587 in
908 545 1136 598 Odysseae
1169 546 1288 587 sexti
1321 547 1423 588 libri
1459 560 1593 588 versu
1628 547 1650 588 1
1686 561 1749 601 sq.
1785 549 1992 604 leguntur

822 612 875 662 ὣς
906 612 926 654 ὁ
956 614 1035 666 μὲν
1066 613 1168 656 ἔνθα
1199 616 1378 656 καθεῦδε
1411 617 1615 664 πολύτλας
1647 618 1732 666 δῖος
1762 619 1983 667 'Odi-amic,

819 683 932 742 ’ἶῖπνῳ
964 687 1032 727 καὶ
1064 687 1238 742 καμάτῳ
1271 686 1482 740 ἀρημένος,

242 763 316 808 ubi
362 776 449 807 non
494 766 585 807 tam
625 761 755 806 facile
803 762 1056 806 emendatio
1104 764 1148 806 ei
1180 758 1483 806 successisset.
1548 765 1681 807 Cuius
1714 766 1778 807 rei
1811 768 1942 808 testis
1975 774 2099 809 extat
2133 769 2265 810 schol.
2301 769 2456 809 Venet.
2491 770 2539 804 A
2570 771 2636 811 his
2669 770 2836 813 verbis:

240 830 267 886 'l‘
299 832 419 886 διπλῆ
453 829 515 874 ὅτι
548 831 773 885 Ζηνόδοτος
804 830 864 886 μή
898 831 1045 886 νοήσας
1077 832 1123 872 τὸ
1155 833 1453 885 σημαινόμενον
1483 834 1633 887 γράφει
1665 833 1922 885 ἀδηκότες
1954 829 2070 887 ἡδέι
2103 836 2244 893 ὕπνῳ
2276 820 2668 890 κοιμήσωιιται,
2703 839 2762 879 ἔτι
2794 839 2837 879 δὲ

239 905 306 946 καὶ
340 906 410 947 νῦν
441 902 612 958 λέγομεν
643 901 770 946 ὕπνον
812 903 967 958 μεστὸν
1012 903 1058 946 οὗ
1098 903 1169 945 τὸν
1211 903 1469 952 ἕξιπνωκότα
1502 904 1604 945 α’λλιὶ
1644 904 1715 945 τόν
1746 905 1847 945 πολι)
1880 907 1926 945 τὸ
1957 906 2183 948 ὑπνωτικὸν
2213 909 2257 948 ἐν
2287 909 2398 966 αὐτῷ
2430 908 2588 956 ἔχοντα·
2651 914 2735 956 Hie
2766 915 2838 956 ob-

236 993 424 1025 servare
458 980 561 1024 licet
593 979 636 1024 in
671 979 962 1034 grammatica
994 993 1163 1033 quoque
1195 986 1292 1023 arte
1326 979 1439 1023 sicut
1462 980 1505 1023 in
1529 980 1629 1023 aliis
1647 980 1762 1023 serie
1794 994 1938 1024 rerum
1972 983 2117 1025 omnia
2149 985 2311 1037 repeti:
2345 998 2442 1027 nam
2475 985 2519 1027 id
2550 984 2690 1038 ipsum
2723 988 2837 1039 quod

235 1053 341 1098 olim
374 1053 557 1097 rudibus
589 1052 701 1096 artis
732 1052 876 1096 initiis
909 1052 1190 1105 Zenodotum,
1225 1065 1365 1105 nuper
1396 1052 1516 1095 viros
1549 1053 1700 1096 doctos
1732 1054 1845 1096 male
1877 1054 2031 1097 habuit
2062 1055 2155 1097 loeo
2178 1056 2380 1109 Liviano,
2413 1057 2486 1109 qui
2518 1062 2587 1099 est
2607 1054 2677 1109 27,
2701 1056 2771 1109 47,
2797 1056 2836 1106 9,

238 1125 464 1179 traxitque
497 1125 554 1167 ad
588 1137 750 1179 magna
783 1124 1005 1168 molienda
1036 1123 1368 1178 transponendo
1413 1124 1540 1167 simul
1573 1130 1619 1168 et
1650 1125 1884 1168 inserendo
1917 1131 2050 1179 atque
2085 1126 2296 1171 eiciendo.
2361 1129 2429 1171 Ibi
2462 1129 2572 1172 enim
2607 1136 2837 1183 postquam

238 1197 560 1241 Hasdrubalem
607 1201 831 1239 certamen
876 1197 1167 1240 declinantem
1211 1202 1343 1240 noctu
1385 1201 1536 1240 eastra
1577 1196 1810 1250 reliquisse
1856 1197 2072 1251 ducesque
2117 1198 2291 1242 itineris
2339 1201 2450 1243 elam
2483 1213 2531 1244 se
2576 1201 2835 1244 subduxisse

237 1276 465 1312 narratum
510 1274 592 1322 est,
632 1268 806 1311 codices
852 1269 1081 1321 utriusque
1126 1268 1319 1311 familiae
1364 1268 1474 1311 nihil
1511 1269 1740 1311 admodum
1777 1269 2004 1312 variantes
2047 1269 2108 1313 ita
2152 1277 2409 1325 pergentem
2443 1269 2616 1315 Livium
2649 1271 2835 1316 faciunt:

237 1340 443 1380 desertum
476 1340 533 1379 ab
566 1339 740 1379 ducibus
771 1352 917 1392 uymen
958 1341 1102 1392 primo
1133 1351 1214 1392 per
1246 1351 1370 1394 scyros
1405 1338 1582 1391 palatur
1611 1339 1791 1393 fessique
1822 1338 1979 1393 aliquot
2009 1351 2150 1381 somno
2183 1353 2232 1382 ae
2262 1339 2417 1395 viyilizs
2446 1343 2631 1383 stermmt
2662 1355 2837 1394 corpora

230 1413 397 1464 pa=sim
439 1416 561 1465 atque
605 1412 883 1464 infrequentia
931 1411 1167 1464 relinquunt
1205 1411 1340 1464 siyna,
1375 1412 1546 1454 Alanus
1592 1424 1670 1454 em.
1706 1411 1804 1454 Liv.
1839 1412 1874 1462 I,
1910 1410 1967 1455 44
2001 1444 2009 1452 .
2046 1447 2055 1455 .
2092 1447 2100 1456 .
2139 1448 2147 1456 .
2188 1426 2269 1465 per
2312 1425 2438 1465 (tyros
2469 1411 2647 1464 palatur
2680 1412 2836 1466 aliquot

237 1481 418 1538 [ᾗσι-(μῆ,
451 1483 633 1535 fessique
667 1481 753 1536 (ae)
786 1482 941 1535 oiyiln's
971 1495 1112 1523 somno
1144 1485 1328 1523 sternunt
1360 1495 1535 1533 corpora
1560 1482 1738 1534 passim,
1764 1483 2040 1537 Wesenberg
2072 1482 2258 1536 tidslcrift
2288 1484 2357 1535 for
2392 1482 2598 1536 l’ln'loloyi
2630 1485 2710 1536 IX,
2746 1483 2835 1528 280

238 1590 246 1599 .
283 1588 291 1596 .
328 1591 336 1599 .
364 1568 446 1607 per
479 1567 604 1608 (tyros
642 1554 820 1606 palatur
850 1554 1033 1607 fessique
1065 1553 1221 1607 aliquot
1256 1551 1437 1608 [itinere]
1472 1567 1520 1594 ac
1553 1553 1705 1605 oigliliis
1735 1557 1921 1594 sternunt
1950 1567 2092 1595 somno
2125 1568 2299 1607 corpora
2324 1556 2501 1608 pas-sim.
2569 1558 2695 1601 Hanc
2728 1571 2833 1601 vero

236 1630 531 1672 coniecturam
566 1628 797 1672 novissimi
838 1628 1034 1671 editores
1077 1628 1236 1672 Luchs.
1275 1627 1613 1680 Friedersdorff,
1649 1628 1790 1670 Maur.
1825 1624 2049 1682 Muelle1·¹)
2083 1628 2146 1672 ita
2179 1629 2370 1683 amplexi
2404 1634 2518 1684 sunt,
2551 1634 2599 1673 ut
2632 1630 2676 1673 in
2709 1634 2833 1673 textu

230 1703 481 1757 exprimere
514 1715 599 1745 non
635 1701 902 1754 dubitarent,
936 1701 1243 1754 improbarunt
1277 1700 1330 1743 H.
1355 1700 1397 1741 J.
1425 1700 1612 1742 Mueller
1645 1704 1688 1743 et
1722 1701 1904 1755 Madvig
1936 1699 2023 1754 (ed.
2059 1702 2105 1744 ΙΙ
2139 1702 2280 1755 praef.
2316 1700 2460 1755 VIIl).
2526 1703 2620 1746 Non
2657 1702 2834 1746 difficile

237 1780 306 1818 est
341 1775 398 1817 ad
441 1774 751 1828 suspicandum
796 1774 839 1816 in
884 1773 1158 1816 emendando
1203 1774 1318 1816 haud
1362 1773 1523 1815 leviter
1568 1774 1756 1817 movisse
1790 1786 1856 1827 ea,
1891 1787 2002 1828 quae
2034 1775 2079 1818 in
2112 1775 2310 1829 proximo
2345 1775 2567 1830 superiore
2600 1775 2743 1830 capite
2776 1776 2835 1819 le-

237 1854 404 1901 guntur
437 1846 462 1900 ξ
497 1846 522 1889 7
556 1847 657 1886 dum
697 1846 904 1898 fessum
951 1845 1038 1885 via
1079 1859 1136 1885 ae
1183 1844 1420 1898 vignalis
1455 1842 1643 1897 reficeret
1676 1844 1857 1894 militem,
1891 1846 1936 1889 in
1970 1847 2168 1900 proxime
2203 1847 2488 1901 subsequenti
2521 1844 2546 1901 ξ
2581 1847 2634 1890 16
2669 1860 2764 1887 nam
2799 1859 2833 1896 ey

232 1931 344 1971 pars
378 1932 532 1972 nzayna
577 1918 628 1958 ab
673 1918 806 1971 siynis
840 1917 1025 1967 abzrant,
1070 1921 1181 1958 nocte
1215 1916 1373 1968 ‹Inops-i
1413 1918 1698 1970 stratique
1736 1932 1844 1958 som
1861 1931 1922 1958 no
1957 1918 2123 1970 passim
2161 1932 2238 1970 per
2280 1931 2415 1971 (tyros.
2450 1922 2487 1959 et
2530 1919 2601 1971 qui
2645 1918 2832 1971 aderant,

235 1992 437 2030 itinere
479 2002 538 2030 ae
580 1990 802 2043 vigyiliasss
841 1990 984 2041 sessi
1030 1989 1097 2030 oisc
1141 2001 1263 2029 arom
1316 1988 1469 2028 umeris
1515 1987 1742 2040 flas-tabant.
1826 1990 1912 2032 Sed
1956 2004 2081 2033 nenio
2125 1991 2239 2034 serio
2284 1991 2521 2034 contendet
2564 1991 2665 2034 inde
2710 1991 2832 2043 sequi

234 2063 409 2107 Livium
444 2063 520 2107 illo
556 2075 725 2117 quoque
760 2064 851 2107 loco
884 2061 995 2103 viam
1029 2063 1122 2106 sive
1155 2061 1232 2103 itm·
1265 2075 1359 2106 eum
1395 2059 1546 2113 viw'liis
1568 2062 1865 2115 composuisse
1889 2077 1940 2105 ae
1971 2077 2056 2105 non
2088 2076 2276 2102 somnum
2309 2064 2349 2105 h.
2386 2078 2421 2105 e.
2458 2059 2831 2115 somnolenti-affl)

233 2135 336 2181 inde
370 2142 511 2181 ortam
547 2132 617 2189 (ut
651 2135 703 2181 Il.
738 2136 763 2180 l.
801 2149 834 2180 c.
873 2135 1014 2181 Sollol.
1050 2134 1165 2179 Viet.
1213 2139 1257 2179 et
1302 2135 1422 2188 Lips.
1470 2129 1694 2186 ‹iyornm'av
1735 2134 2122 2189 interpretantur).
2189 2137 2281 2179 Hoc
2328 2141 2472 2178 autem
2507 2136 2602 2178 fieri
2636 2136 2831 2187 potuisse

233 2210 423 2263 probant
467 2208 538 2251 vel
584 2207 819 2251 Homerica
866 2207 944 2251 illa
987 2207 1161 2261 aliaque
1206 2208 1260 2251 ab
1301 2207 1623 2261 interpretibus
1666 2207 1876 2261 ascripta,
1930 2212 1977 2251 ut
2009 2207 2186 2251 Horatii
2232 2221 2364 2251 earm.
2400 2206 2440 2259 3,
2475 2206 2515 2260 4,
2552 2206 2605 2250 11
2642 2220 2703 2247 me
2734 2204 2831 2247 Indo

229 2280 538 2334 s'ate'yatumqne
568 2292 709 2320 somno
741 2279 891 2332 fronde
923 2292 1025 2320 nova
1060 2292 1241 2332 puerum
1279 2278 1498 2332 palumbes
1530 2281 1673 2329 terere,
1708 2280 1871 2323 Tibulli
1908 2280 1943 2334 1,
1978 2279 2019 2333 3,
2053 2279 2110 2323 87
2136 2277 2280 2331 puella
2304 2277 2515 2331 paulatim
2546 2292 2688 2320 somno
2718 2278 2832 2330 fessa

232 2353 416 2394 remittat
454 2366 570 2405 opus.
647 2353 815 2409 Quibus
864 2353 978 2396 addo
1020 2353 1108 2396 duo
1160 2354 1276 2396 locos
1325 2352 1450 2396 Lucii
1495 2352 1697 2406 Septimii
1743 2353 1910 2407 ephem.
1957 2353 1996 2396 b.
2038 2352 2155 2396 Troi.
2194 2350 2233 2405 6,
2266 2350 2292 2395 9
2328 2349 2483 2392 indicat
2517 2349 2830 2403 Neop‘olemum

231 2426 275 2466 in
306 2425 503 2478 spelunca
534 2425 763 2478 fatiqatum
796 2424 963 2477 naviqz'o
995 2437 1217 2477 somnoque
1253 2424 1385 2465 iacere
1417 2430 1463 2467 et
1495 2424 1535 2472 5,
1565 2423 1617 2468 12
1649 2423 1772 2476 sessis
1805 2422 1952 2465 deinde
1983 2422 2109 2464 multo
2141 2423 2233 2464 eino
2266 2425 2388 2477 atque
2418 2419 2599 2477 ιεοιηηοῧ)
2633 2421 2828 2463 barbaris

324 2497 527 2539 ,silentio
576 2496 633 2538 ad
677 2497 881 2538 cit-itatem
926 2496 1137 2550 naviyant.
1211 2497 1306 2552 Quo
1356 2498 1499 2552 magis
1545 2498 1678 2541 miror
1720 2497 1858 2541 fuisse
1903 2498 1975 2551 qui
2024 2498 2118 2541 loco
2167 2497 2367 2550 Liviano,
2416 2510 2510 2540 cum
2556 2508 2697 2537 sonmo
2731 2494 2831 2548 fessi

231 2573 415 2625 probum
462 2571 725 2625 iudicarent,
775 2575 925 2614 tamen
971 2570 1238 2613 coniecturis
1285 2570 1579 2625 indulgerent,
1626 2570 1749 2613 velut
1790 2570 1948 2613 Novak
1994 2569 2224 2613 scribendo
2264 2568 2445 2621 fessique
2487 2566 2644 2621 aliqeeot
2687 2580 2830 2609 somno

453 2703 479 2744 ¹)
532 2703 633 2736 Idem
661 2707 775 2736 antea
804 2702 839 2735 in
868 2702 1011 2736 nuntiis
1037 2702 1208 2746 Gotting.
1239 2712 1270 2735 a.
1300 2700 1393 2734 1880
1426 2712 1459 2745 p.
1489 2700 1582 2734 1464
1608 2701 1645 2735 in
1672 2710 1798 2733 somno
1823 2700 2042 2745 gerundium
2069 2700 2219 2744 aliquod
2247 2699 2467 2735 delitescere
2508 2699 2718 2745 suspicatus
2747 2701 2829 2733 erat

230 2770 355 2809 (quein
383 2763 430 2799 ad
456 2763 601 2798 modum
628 2763 724 2798 dixit
751 2763 881 2798 Livius
909 2762 940 2805 1,
968 2762 1025 2804 54,
1053 2762 1074 2796 7
1102 2760 1364 2804 interroyando
1391 2760 1687 2804 expectandoque
1710 2763 1838 2802 sessuS,
1865 2761 1955 2795 alibi
1981 2760 2116 2793 milites
2140 2759 2274 2793 stando
2296 2759 2414 2801 lessi).

451 2822 479 2865 ²)
533 2823 587 2859 cf.
614 2823 694 2858 Iuv.
722 2823 755 2867 6,
782 2822 853 2859 424
880 2821 1054 2856 com-ivae
1080 2820 1206 2856 miseri
1228 2821 1368 2855 interea
1393 2829 1589 2864 somnoque
1610 2819 1781 2863 fameque
1804 2822 2015 2863 torquentur.

450 2883 479 2923 ³)
533 2883 599 2918 Cui
626 2894 699 2918 nou
727 2894 773 2919 ex
800 2883 897 2918 omni
924 2886 1033 2928 parte
1069 2882 1207 2918 similia
1242 2886 1329 2918 sunt
1368 2893 1461 2927 quae
1508 2881 1693 2918 habentur
1726 2880 1808 2916 Liv.
1842 2880 1901 2924 29,
1928 2880 1984 2924 34,
2014 2881 2056 2917 11
2094 2880 2179 2914 rino
2205 2882 2239 2914 et
2265 2888 2392 2914 somn-o
2418 2878 2545 2922 yi'avt's
2571 2887 2675 2911 arma
2703 2886 2832 2920 capere
2883 2875 2885 2877 ’

229 2943 405 2988 voye-ndo,
431 2945 489 2986 25,
516 2944 574 2986 24,
602 2944 624 2978 6
649 2943 818 2987 gravatis
845 2942 1011 2976 omnibus
1036 2944 1121 2975 vino
1148 2951 1354 2985 somnoque,
1373 2943 1406 2985 4,
1426 2942 1482 2985 37,
1502 2942 1524 2977 2
1547 2941 1642 2984 festo
1669 2939 1728 2973 die
1752 2940 1879 2984 yracis
1904 2949 2030 2974 somno
2056 2939 2246 2984 epulisque
2270 2937 2413 2973 incolas
2438 2940 2576 2972 veteres
2601 2937 2689 2972 novi
2713 2935 2833 2971 colom?

229 3007 412 3039 noctu-rna
438 3003 552 3037 caede
570 3002 704 3045 adorti,
741 3004 807 3039 Ov.
836 3008 922 3039 met.
948 3004 981 3045 3,
1008 3003 1079 3038 608
1112 3002 1176 3036 ille
1212 3012 1308 3035 mero
1341 3010 1538 3044 somnoque
1562 3001 1689 3044 yravis
1715 3000 1873 3035 titubare
1898 2999 2043 3034 videtur
2069 3000 2200 3043 vixque
2223 2999 2336 3043 sequi,
2367 3000 2478 3044 Verg.
2505 3000 2595 3033 Aen.
2621 2998 2656 3040 2,
2681 2997 2752 3033 265
2776 2996 2831 3030 in·

232 3063 374 3098 <cadunt
399 3062 525 3097 urbem
550 3073 678 3097 somno
703 3063 860 3106 vinoque
885 3061 1079 3106 sepultam,
1105 3063 1187 3097 Liv.
1214 3062 1272 3105 41,
1299 3063 1332 3105 3,
1361 3063 1406 3097 10
1431 3061 1516 3095 vino
1543 3070 1738 3104 somnoque
1763 3070 1899 3095 mersos
1925 3060 2046 3093 iacere
2073 3059 2181 3102 (eos),
2208 3060 2336 3094 Front.
2357 3064 2468 3094 strat.
2493 3058 2528 3101 2,
2554 3058 2588 3100 9,
2616 3057 2637 3092 7
2662 3056 2831 3090 resolutis

228 3123 309 3159 suis
322 3125 360 3158 in
373 3123 526 3158 nimiam
541 3122 776 3158 semcritatem
792 3131 989 3166 somnoque
1008 3124 1042 3156 et
1061 3131 1160 3156 mero
1172 3121 1327 3165 pressis,
1340 3122 1453 3168 Vei-g.
1465 3121 1555 3157 Aen.
1571 3121 1604 3162 6,
1618 3121 1690 3157 520
1709 3123 1795 3154 tune
1812 3130 1867 3154 me
1885 3118 2088 3162 confectum
2107 3118 2203 3153 euris
2218 3117 2375 3163 (choreis
2391 3118 2558 3171 Ribbeck
2578 3128 2623 3153 ex
2637 3117 2831 3153 Schraderi

230 3185 342 3227 coni.)
368 3193 565 3229 somnoque
589 3186 787 3228 yravatum
813 3182 945 3225 infelix
969 3182 1099 3217 habuit
1126 3181 1312 3217 thalamus
1335 3183 1540 3226 pressitque
1565 3181 1743 3216 iacentem
1769 3179 1888 3214 duleis
1923 3182 1957 3214 et
1991 3178 2072 3213 alta
2105 3179 2217 3223 quies,
2257 3179 2325 3215 ΟΥ.
2351 3183 2439 3214 met.
2480 3178 2513 3221 6,
2541 3177 2611 3213 658
2637 3187 2833 3221 somnoque

228 3248 428 3288 ,orat-atum
455 3243 675 3288 adqreditur
707 3244 820 3286 ferm,
859 3244 948 3279 Tae.
977 3255 1061 3279 ann.
1088 3244 1121 3287 4,
1148 3244 1194 3279 22
1216 3243 1366 3277 turbata
1398 3246 1517 3276 mente
1541 3240 1743 3285 respondit,
1765 3244 1953 3284 tamquam
1980 3239 2059 3283 ipse
2097 3248 2224 3273 somno
2255 3238 2382 3282 yraris
2408 3240 2518 3281 atque
2543 3246 2584 3272 co
2609 3236 2772 3281 iynams,
2799 3238 2833 3270 et

231 3315 328 3340 uxor
352 3308 482 3349 sponte
508 3307 657 3339 mortem
685 3304 902 3347 sumpsisset
930 3304 1093 3348 (scilieet
1119 3304 1325 3340 lunaticum
1353 3315 1390 3339 se
1418 3303 1528 3349 fingit
1554 3302 1834 3348 praecipitatae
1862 3300 2032 3345 coniugis
2059 3299 2173 3341 reus).
