2997 3690
2744 193 2775 242 9

194 364 320 404 quam
352 350 550 406 plerique
582 345 774 400 amplexi
805 349 920 399 sunt,
953 345 1093 400 magis
1126 344 1286 388 suadet
1318 341 1573 387 observatio
1605 338 1866 384 elocutionis
1900 338 2129 391 Livianae,
2162 350 2249 391 qua
2280 337 2433 381 scribit
2465 338 2588 382 velut
2623 337 2660 390 1,
2684 337 2725 392 4,
2751 336 2780 381 6

198 427 298 465 tenet
327 424 447 477 fama
478 420 623 471 lupam
652 417 853 459 sitientem
883 430 932 459 ex
960 416 1167 459 montibus
1204 414 1263 457 ad
1292 414 1479 468 vaqitum
1508 424 1677 454 cursum
1703 409 1878 461 flexisse,
1925 409 1995 465 23,
2032 409 2101 464 11,
2134 408 2162 453 2
2204 408 2325 462 fama
2356 409 2496 458 tenuit,
2546 424 2650 463 quae
2675 423 2778 461 pro·

189 496 290 548 pior
332 506 427 536 vero
468 492 540 539 est,
585 488 703 531 haud
733 489 833 542 plus
872 490 1005 542 fuisse
1045 487 1198 537 modio,
1254 485 1325 537 38,
1372 484 1440 535 13,
1482 484 1509 528 6
1554 486 1676 536 sama
1718 482 1779 522 ita
1822 485 1925 522 tenet
1958 480 2148 523 Celaenis
2180 481 2405 533 Marsyam
2448 495 2540 521 cum
2583 480 2781 533 Apolline

199 566 398 609 tibiarum
438 563 562 603 cantu
604 563 807 603 certasse:
848 562 922 605 ubi
966 560 1082 616 quod
1119 558 1306 613 simplex
1346 558 1526 600 verbum
1558 555 1749 610 positum
1782 559 1864 608 est,
1896 555 2056 609 variat,
2101 559 2150 597 ut
2181 554 2351 598 Graece
2384 554 2651 597 Plutarchus
2685 555 2783 597 vita

202 636 428 684 Demosth.
462 647 499 678 c.
532 632 592 677 28
622 634 816 688 loquitur
847 631 962 684 λόγος
994 629 1092 678 ἔχει,
1119 629 1406 684 :Thucydides
1439 628 1479 682 1,
1515 627 1584 683 10,
1618 627 1641 670 1
1676 623 1697 664 ὅ
1728 624 1844 677 λόγος
1875 624 2051 673 κατέχει,
2084 627 2156 670 vel
2188 626 2345 671 Livius
2378 625 2450 679 23,
2484 626 2555 679 44,
2591 625 2617 668 6
2649 625 2783 666 imber

200 709 416 752 continuus
437 718 518 758 per
549 708 701 745 noctem
731 707 858 745 totam
902 703 1041 750 tenuit,
1072 706 1230 744 contra
1259 699 1331 754 29,
1361 699 1434 753 27,
1468 699 1494 741 7
1537 702 1691 739 noctem
1723 697 1995 750 insequentem
2034 698 2178 738 eadem
2209 697 2342 750 caliqo
2374 697 2546 737 obtinuit
2585 696 2659 750 (de
2693 712 2777 752 quo

199 783 293 825 loco
315 791 356 823 v.
380 777 513 821 etiam
534 776 651 821 infra
670 790 712 832 p.
739 773 814 828 10)
847 779 926 818 aut
948 773 1020 826 39,
1044 772 1085 828 3,
1108 772 1136 816 2
1169 773 1382 812 tenuerunt
1410 783 1580 811 causam
1602 792 1653 799 ·-
1682 769 1723 824 8,
1747 769 1818 824 21,
1844 768 1901 813 10
1931 782 2102 809 causam
2133 769 2351 825 obtinuere,
2387 769 2428 818 2,
2453 769 2524 824 42,
2558 769 2585 813 2
2619 772 2781 810 tenuere

203 854 340 892 tamen
364 852 521 905 patres,
553 851 598 890 ut
629 860 719 904 cum
753 846 805 890 L.
842 845 1024 887 Aemilio
1048 843 1179 886 Caeso
1213 842 1375 885 Fabius
1406 842 1545 883 consul
1574 845 1785 883 crearetur
1815 864 1875 871 —
1905 843 1963 885 ib.
1988 855 2021 885 c.
2042 842 2111 897 43,
2138 843 2189 886 11
2225 842 2433 882 obtinuere
2463 845 2598 882 tamen
2622 846 2784 895 patreS,

201 925 246 963 ut
278 922 320 962 in
345 921 483 963 Fabia
512 922 628 973 yeme
658 917 892 959 consulatus
922 919 1117 972 maneret,
1151 915 1191 971 9,
1217 915 1287 970 12,
1311 915 1338 958 5
1361 915 1483 955 timor
1512 917 1706 967 utrosque
1734 926 1863 966 usque
1894 912 1953 952 ad
1983 912 2111 953 lucem
2142 914 2298 966 quietos
2329 913 2457 954 tenuit
2480 939 2536 944 -—
2559 913 2599 968 8,
2628 914 2695 969 13,
2722 916 2777 958 13

202 994 359 1047 reliqua
391 990 630 1034 consultatio
662 992 732 1044 est,
766 1003 943 1042 quonam
976 987 1098 1029 modo
1121 990 1327 1039 perpetua
1353 999 1460 1038 pace
1485 986 1593 1038 quiet
1617 998 1639 1025 s
1661 985 1927 1038 obtineamus,
1962 986 2149 1039 aliaque.
2203 988 2289 1030 Sed
2311 988 2499 1030 haerent-
2530 988 2574 1029 iu
2608 989 2779 1030 obiecto

202 1066 312 1121 quod
341 1067 398 1110 ad
428 1056 550 1117 fama‘
579 1062 749 1104 obtinuit
791 1063 950 1117 posito,
994 1075 1090 1104 cum
1131 1060 1288 1103 Livius
1318 1059 1424 1103 alibi
1468 1058 1766 1102 accusativum
1811 1071 1904 1101 cum
1948 1058 2165 1101 infinitivo
2209 1060 2458 1113 subiecerit,
2493 1065 2784 1114 statuuntque

202 1139 463 1183 infinitivum
495 1149 550 1179 ex
582 1139 791 1178 contextu
823 1134 1039 1177 orationis
1072 1132 1360 1186 supplendum
1393 1144 1504 1185 esse,
1537 1131 1663 1175 velut
1692 1129 1850 1182 factum
1882 1142 1977 1170 esse.
2035 1130 2237 1183 Frustra,
2262 1132 2427 1184 opinor.
2483 1133 2780 1186 Agnoscenda

202 1212 347 1265 potius
369 1214 439 1252 est
458 1209 647 1261 vulgata
663 1206 834 1260 species
856 1205 1203 1249 accusativorum
1226 1203 1588 1257 pronominalium
1610 1202 1789 1257 generis
1821 1203 1981 1255 neutri,
2016 1202 2089 1255 qui
2123 1204 2261 1245 verba
2292 1204 2570 1246 accusativos
2604 1206 2783 1258 proprie

201 1294 287 1326 non
309 1279 567 1334 recipientia
588 1282 827 1331 sequantur
848 1276 905 1319 ad
936 1289 1025 1319 rem
1059 1275 1265 1319 universe
1297 1274 1642 1328 significandam.
1685 1273 1843 1326 Itaque
1866 1286 1951 1316 non
1975 1273 2107 1316 aliter
2139 1273 2299 1316 dicitur
2321 1272 2430 1326 quod
2458 1266 2582 1325 famc'z‘
2610 1274 2782 1315 obtinuit

201 1366 254 1395 ac
285 1349 394 1404 quod
425 1348 595 1402 quidam
616 1351 800 1389 auctores
819 1350 917 1388 sunt
946 1348 1045 1390 Liv.
1078 1345 1149 1400 23,
1186 1345 1255 1400 16,
1293 1345 1346 1388 15
1379 1349 1425 1388 et
1456 1344 1526 1397 30,
1558 1344 1630 1399 26,
1666 1344 1692 1387 7
1726 1343 1799 1396 (cf.
1835 1343 1905 1398 38,
1938 1344 2009 1398 50,
2044 1345 2070 1388 5
2115 1348 2159 1385 ut
2202 1343 2395 1387 Valerius
2438 1346 2592 1386 Antias
2639 1349 2786 1387 auctor

202 1427 273 1477 est,
308 1421 377 1476 21,
401 1419 470 1476 38,
492 1419 520 1464 4
540 1420 602 1461 ita
633 1417 804 1472 quidam
826 1420 1013 1460 auctores
1040 1419 1148 1473 sunt,
1166 1417 1241 1461 ubi
1271 1421 1509 1471 potuerunt
1535 1414 1647 1469 quod
1678 1421 1724 1460 et
1756 1414 1802 1456 id
1832 1412 1954 1470 poni)
1977 1422 2055 1460 aut
2087 1417 2201 1470 quod
2234 1417 2412 1471 propius
2435 1418 2605 1461 accedit
2629 1419 2782 1473 Quint.

202 1495 305 1539 inst.
339 1508 399 1537 or.
447 1492 484 1547 1,
519 1491 560 1546 7,
594 1490 652 1535 30
684 1504 754 1544 eqo
786 1490 868 1532 nisi
900 1488 1010 1543 quod
1055 1486 1299 1531 consuetudo
1346 1486 1563 1529 obtinuerit
1607 1488 1670 1529 sic
1726 1486 1987 1529 scribendum
2034 1486 2213 1542 quidque
2243 1487 2393 1543 iudi-co,
2429 1488 2629 1542 quomodo
2661 1494 2781 1531 sonat

203 1568 405 1611 collatum
437 1578 532 1609 cum
565 1565 629 1608 eis
672 1577 782 1618 quae
826 1564 885 1606 ib.
919 1561 960 1617 2,
997 1559 1036 1617 1,
1072 1562 1094 1606 1
1143 1563 1353 1617 leguntur
1385 1560 1511 1601 tenuit
1542 1558 1799 1610 consuetudo,
1842 1561 1886 1600 ut
1920 1559 2259 1612 praeceptoribus
2292 1559 2543 1614 eloquentiae
2587 1560 2784 1614 discipuli

199 1638 334 1681 serius
365 1651 489 1692 quam
519 1636 628 1678 ratio
660 1633 847 1688 postulat
878 1632 1194 1688 traderentur-st)
1243 1633 1427 1688 Ellipsis
1466 1633 1510 1677 in
1557 1633 1723 1677 talibus
1767 1646 1946 1688 prorsus
1989 1633 2181 1689 fingitur.
2246 1635 2400 1689 ltaque
2437 1637 2572 1678 verba
2605 1633 2714 1688 qumi
2745 1637 2781 1676 et

197 1710 339 1763 plures
371 1708 582 1751 tradidere
616 1710 801 1749 auctores
832 1709 869 1748 ct
901 1697 1025 1759 fam&
1066 1706 1237 1748 obtinuit
1269 1706 1548 1750 offensionem
1580 1707 1745 1750 habere
1777 1707 1941 1750 nullam
1975 1707 2214 1751 iudicamus
2260 1721 2341 1751 nec
2378 1709 2432 1752 ob
2474 1709 2518 1751 id
2563 1721 2661 1751 esse
2704 1722 2783 1751 cur

200 1781 311 1836 quod
337 1782 556 1837 particula
587 1781 775 1825 causalis
808 1793 863 1823 ex
897 1780 950 1823 H.
987 1779 1032 1824 J.
1065 1779 1269 1823 Muelleri
1301 1779 1522 1822 sententia
1554 1776 1792 1831 (Zeitschr.
1816 1779 1845 1822 f.
1871 1779 2027 1834 Gymn.
2062 1780 2277 1831 XXXVI,
2306 1780 2562 1823 Jahresber.
2597 1794 2637 1833 p.
2671 1778 2782 1831 280)

199 1852 500 1909 intellegatur.
536 1852 806 1909 Quamquam
829 1852 911 1896 hoc
932 1864 1011 1906 per
1033 1864 1081 1896 se
1104 1864 1210 1895 sane
1232 1851 1337 1895 licet
1359 1863 1439 1895 nec
1460 1856 1602 1895 utrum
1626 1855 1826 1905 praestet
1848 1850 1976 1895 facile
2000 1851 2055 1895 ad
2078 1851 2400 1895 diiudicandum
2435 1857 2517 1896 est.
2544 1851 2627 1895 nisi
2653 1865 2780 1905 quem

199 1927 315 1970 forte
337 1927 575 1970 movebunt
592 1924 873 1979 ThucydidiS,
894 1923 1122 1978 scriptoris
1139 1936 1166 1967 a
1182 1922 1310 1967 Livio
1333 1922 1551 1976 frequenti
1571 1922 1820 1967 imitatione
1843 1923 2055 1977 expressi,
2072 1925 2208 1967 verba
2230 1936 2341 1977 quae
2364 1923 2572 1978 leguntur
2598 1923 2635 1977 1,
2663 1922 2729 1978 10,
2755 1924 2774 1967 1

201 1996 270 2035 οὐκ
314 1995 473 2048 ἀκριβεῖ
509 1994 560 2034 ἄν
603 2009 662 2042 τις
704 1993 857 2050 σημείῳ
895 1993 1107 2047 χρώμενος
1148 1992 1334 2045 ἀπιστοίη
1376 1995 1564 2033 τοσοῦτον
1602 1991 1803 2045 γενέσθαι,
1838 1990 1929 2033 ὅσον
1960 1992 2073 2033 οἵτε
2107 1994 2267 2046 ποιηταὶ
2302 1993 2480 2046 εἰρήκασι,
2513 1995 2578 2033 καῖ
2613 1993 2633 2033 ὁ
2665 1994 2782 2046 λόγος

200 2063 377 2113 κατέχει.
452 2068 581 2110 Nullo
624 2081 729 2111 vcro
774 2072 903 2121 pacto
949 2068 1189 2110 concedere
1228 2078 1456 2120 possumus
1487 2065 1731 2109 mutatione
1765 2079 1897 2120 egere
1941 2069 2078 2110 verba
2117 2067 2317 2119 Liviana,
2363 2070 2532 2120 qualem
2578 2068 2773 2111 instituit

199 2290 316 2324 quae
342 2280 528 2326 (corpora)
548 2278 864 2324 superfunduntur
893 2283 926 2315 et
950 2279 1109 2325 undique
1135 2278 1348 2325 maqm'tudo
1373 2290 1442 2315 sua
1476 2279 1681 2315 vulneribus
1700 2279 1819 2316 obicit.
1856 2281 1999 2317 Monuit
2018 2281 2171 2326 Madvig
2197 2281 2264 2317 hoc
2291 2287 2502 2318 structurae
2522 2294 2640 2328 genus
2660 2285 2781 2320 minus

199 2345 412 2376 accuratum
439 2341 587 2385 proprie
613 2341 664 2376 ibi
690 2342 808 2377 locum
836 2341 984 2385 habere,
1022 2341 1084 2377 ubi
1111 2352 1259 2377 casuum
1286 2341 1423 2377 formae
1450 2352 1522 2377 non
1549 2341 1771 2387 discrepent,
1799 2341 1942 2377 scilicet
1969 2342 2006 2376 in
2033 2347 2164 2376 neutro
2191 2352 2328 2387 genere
2356 2343 2582 2387 pronominis
2612 2345 2781 2384 relativi.

200 2402 237 2435 in
266 2412 336 2445 quo
364 2402 479 2436 etiam
506 2401 659 2435 Graecis
686 2402 930 2445 scriptoribus
956 2402 1098 2445 placuit
1123 2401 1174 2442 (v.
1207 2402 1356 2436 Classen
1385 2402 1431 2435 ad
1457 2401 1568 2436 Thuc.
1588 2401 1621 2443 4,
1642 2401 1698 2444 17,
1719 2403 1754 2443 1)
1782 2413 1848 2436 nec
1875 2413 1946 2436 non
1972 2403 2112 2436 nostris
2141 2408 2189 2440 (v.
2218 2401 2410 2436 Audresen
2438 2403 2779 2449 ,Sprachgebraueh

201 2461 274 2496 und
315 2460 675 2505 Sprachrichtigkcit
714 2460 762 2495 im
788 2460 1011 2495 Dentschen‘
1038 2472 1072 2505 p.
1101 2460 1212 2502 125²).
1264 2461 1333 2495 Sed
1359 2461 1396 2494 in
1424 2460 1509 2495 aliis
1536 2471 1677 2505 quoque
1713 2461 1985 2505 pronominibus
2011 2461 2105 2496 idem
2135 2462 2205 2496 sibi
2233 2463 2447 2506 permisisse
2475 2464 2630 2499 Latinos
2659 2466 2781 2501 obser-

200 2532 289 2557 vare
325 2521 426 2564 licet,
464 2521 570 2556 velut
605 2520 644 2555 in
679 2521 974 2556 demonstrativo
1014 2521 1178 2565 loquitur
1210 2521 1338 2556 Livius
1371 2520 1428 2564 41,
1456 2520 1512 2563 16,
1538 2521 1559 2556 2
1599 2520 1640 2554 id
1666 2531 1744 2554 cum
1772 2520 1822 2553 ad
1846 2524 2012 2554 senatum
2038 2521 2195 2555 relatum
2222 2525 2315 2556 esset
2339 2526 2560 2567 senatusque
2587 2524 2637 2558 ad
2657 2527 2782 2568 ponti.

198 2579 307 2623 ficum
334 2578 524 2625 collegium
549 2579 742 2624 reiecisset,
769 2580 891 2627 Nepos
916 2580 1046 2617 Dionis
1073 2581 1154 2617 vita
1181 2580 1214 2625 4,
1231 2580 1253 2617 2
1279 2578 1320 2613 id
1345 2589 1425 2614 cum
1447 2579 1588 2624 factum
1613 2580 1722 2615 multi
1744 2578 2024 2625 indiqu-arentur
2051 2591 2277 2626 maynaeque
2306 2586 2398 2617 esset
2420 2582 2584 2618 invidiae
2610 2588 2780 2630 tyran-no,

201 2643 355 2677 Tacitus
394 2642 483 2677 hist.
508 2642 542 2685 4,
568 2642 615 2676 53
651 2640 692 2674 id
726 2641 844 2675 solum
876 2641 1005 2685 reliqio
1042 2641 1202 2674 adnuere
1236 2644 1269 2674 et
1297 2641 1439 2684 prioris
1477 2640 1603 2683 templi
1639 2640 1933 2684 maynificentiae
1971 2640 2132 2683 defuisse
2158 2642 2385 2687 credebatur,
2424 2645 2460 2680 in
2497 2646 2775 2690 interrogativo

199 2702 326 2737 Livius
356 2701 412 2744 40,
439 2701 496 2743 46,
525 2702 543 2735 1
572 2699 662 2743 quid
686 2710 808 2733 omnes
839 2704 903 2733 aut
932 2699 1095 2742 offendat
1121 2703 1187 2732 aut
1213 2704 1308 2733 certe
1335 2703 1516 2733 mutatum
1542 2699 1661 2742 velint,
1689 2702 1726 2735 in
1753 2701 1968 2745 pronomine
1996 2700 2149 2744 quidam
2176 2703 2331 2738 Tacitus
2351 2715 2438 2739 ann.
2465 2705 2497 2744 2,
2525 2706 2570 2739 83
2598 2705 2775 2748 quaedam

198 2761 325 2796 statim-
361 2760 493 2795 omissa
529 2763 617 2794 sunt
645 2763 710 2794 aut
744 2763 906 2795 vetustas
942 2759 1159 2795 obliteravit.
1210 2762 1332 2805 Atque
1364 2761 1402 2797 in
1428 2761 1663 2797 substantivo
1703 2772 1846 2804 quoque
1872 2761 2022 2805 generis
2048 2763 2173 2798 neutri
2200 2764 2297 2799 idem
2325 2776 2436 2800 ausus
2463 2773 2519 2800 est
2548 2767 2780 2811 Thucydides

197 2821 231 2865 6,
258 2821 314 2865 71,
339 2821 362 2857 2
400 2820 466 2860 καὶ
488 2819 684 2873 χρήματα
717 2818 760 2860 δὲ
792 2817 878 2873 ἅμα
911 2819 1088 2862 αὐτόθεν
1118 2834 1163 2860 τε
1195 2819 1460 2869 ’ξτλλέξωνται
1491 2821 1557 2861 καὶ
1588 2821 1683 2875 παρ’
1714 2819 1947 2873 Ἀθηναίων
1979 2819 2091 2877 ἔλθῃ,
2143 2822 2273 2859 Livius
2324 2830 2448 2860 autem
2491 2825 2550 2860 vel
2602 2826 2778 2862 adiuncto

197 2881 435 2916 substantivo
475 2880 649 2915 feminino
683 2880 740 2917 29.
766 2880 823 2922 35,
850 2880 873 2914 8
909 2882 1088 2912 tormenta
1130 2879 1390 2923 machinasque
1428 2883 1462 2913 et
1500 2879 1700 2913 advexerat
1738 2890 1856 2913 secum
1898 2884 1931 2913 et
1958 2891 2003 2914 ex
2032 2881 2162 2915 Sicilia
2192 2883 2301 2915 missa
2330 2893 2408 2916 cum
2435 2888 2635 2918 commeatu
2663 2890 2780 2927 erant,

197 2952 270 2976 uon
295 2941 387 2976 item
412 2940 470 2983 39,
496 2939 553 2982 40,
579 2939 602 2974 9
640 2938 843 2972 simultates
880 2938 993 2972 nimio
1028 2937 1154 2981 plures
1188 2941 1222 2972 et
1257 2942 1493 2973 exercuerunt
1518 2948 1596 2973 eum
1623 2942 1656 2973 et
1682 2939 1760 2983 ipse
1787 2940 1948 2974 exercuit
1975 2951 2048 2984 eas,
2076 2943 2291 2977 accusativo
2318 2944 2356 2978 in
2383 2944 2589 2988 posteriore
2617 2947 2781 2982 membro

199 3009 268 3043 {er
293 3010 492 3045 pronomen
520 2999 853 3035 demonstrativum
880 2998 1089 3044 significato
1116 2999 1189 3034 etsi
1217 3001 1506 3045 congruentibus
1533 3010 1682 3035 casuum
1707 3001 1836 3035 formis
1864 3002 2107 3037 substantivi.

416 3059 443 3101 ι)
492 3059 635 3095 Notatu
662 3059 813 3105 dignum
841 3064 899 3095 est
924 3059 1038 3095 etiam
1080 3059 1175 3104 quod
1213 3059 1412 3095 Sallustius
1450 3060 1531 3106 Ing.
1558 3059 1614 3104 17,
1641 3060 1662 3096 7
1705 3061 1837 3097 scribit
1870 3061 1928 3097 his
1966 3063 2111 3099 verbis:
2147 3062 2192 3097 ab
2229 3073 2272 3096 ea
2307 3062 2412 3105 fama
2453 3074 2547 3108 quae
2583 3064 2783 3110 plerosque

196 3117 335 3151 obtinet
360 3119 643 3163 (,beherrscht‘),
678 3120 824 3155 obiecto
851 3121 1038 3165 personali
1065 3122 1199 3165 posito,
1233 3121 1329 3165 quod
1358 3119 1490 3155 Ursino
1517 3121 1610 3155 adeo
1637 3121 1839 3166 displicuit,
1867 3127 1911 3157 ut
1931 3121 2145 3166 plerumque
2170 3124 2364 3169 legendum
2400 3125 2654 3170 suspicaretur
2680 3127 2785 3171 plau-

198 3190 348 3223 sumque
386 3180 504 3217 ferret
541 3180 690 3223 Kritzii,
717 3180 922 3224 Dietschio,
961 3186 1004 3216 ut
1041 3186 1228 3226 tamquam
1255 3181 1482 3226 glossemate
1515 3188 1644 3217 uatum
1672 3181 1870 3226 plerosque
1908 3184 2099 3219 delendum
2143 3191 2323 3219 censeret.
2387 3185 2463 3220 Nec
2501 3192 2627 3221 tamen
2666 3188 2781 3222 multo

198 3239 354 3283 distant,
381 3251 475 3284 quae
502 3241 701 3277 Suetonius
724 3241 807 3276 vita
834 3241 929 3286 Aug.
957 3241 979 3276 6
1005 3241 1136 3277 scribit
1161 3244 1256 3276 tenet
1282 3240 1508 3275 vicinitatem
1543 3241 1680 3286 opinio,
1721 3246 1912 3287 tamquam
1946 3247 1980 3278 et
2013 3248 2123 3278 natus
2159 3244 2210 3277 ibi
2243 3244 2291 3278 sit
2318 3253 2356 3280 et
2383 3245 2514 3281 Livius
2542 3248 2574 3285 1,
2601 3248 2659 3289 28,
2688 3248 2709 3281 3
2735 3258 2783 3281 ne

196 3310 260 3334 vos
282 3298 384 3342 falsa
410 3299 536 3343 opimo
562 3303 685 3335 teneat
717 3301 938 3347 similiaque.

2540 3380 2561 3415 2
