2997 3690
2739 178 2772 212 θ

181 325 370 370 alteram
404 323 636 368 lectionem
660 335 685 365 a
707 321 929 365 doctorum
953 320 1216 365 coniecturis
1238 315 1483 371 tutemur¹).
1529 317 1663 360 Velut
1685 314 1813 358 nobis
1836 327 1920 356 non
1944 313 2009 356 ita
2041 320 2206 356 certum
2240 315 2310 355 est
2342 311 2515 354 Livium
2549 309 2620 364 42,
2646 308 2716 354 66.
2743 308 2769 351 7

185 410 271 442 non
315 394 546 451 scripsisse
591 391 770 434 armatis
799 391 1066 433 dementibus
1100 402 1306 444 praeceps
1347 387 1653 441 impedi-menta,
1697 390 1746 428 ut
1775 386 1819 428 in
1854 385 2000 428 codice
2032 389 2113 437 est,
2148 384 2225 426 sed
2260 380 2380 437 [per]
2407 394 2623 434 praeceps,
2657 381 2772 435 quod

183 469 287 513 inde
308 481 336 512 a
356 463 564 522 Gr'ynaeo
586 466 812 519 vulgatum
835 465 935 508 vide
958 477 1069 519 quae
1093 463 1347 517 Nipperdey
1369 461 1425 504 ad
1446 461 1554 503 Tac.
1578 472 1678 503 ann.
1714 458 1754 512 4,
1776 457 1832 501 62
1861 458 1918 499 de
1951 471 2001 500 eo
2034 456 2280 500 adverbiali
2313 468 2391 498 usu
2426 455 2546 498 vocis
2570 465 2773 505 praeceps

185 540 388 593 exempla
418 537 665 592 congessit3
697 541 744 579 at
775 537 918 590 siquid
948 535 1205 578 mutandum
1237 537 1320 586 est,
1353 531 1641 587 praetulerim
1674 526 1758 583 [in]
1784 541 1987 579 praeceps
2018 541 2073 571 ex
2106 540 2306 570 sermone
2329 527 2459 579 Livii,
2491 526 2566 579 qui
2588 525 2628 578 5,
2652 523 2721 577 47,
2745 524 2772 566 5

183 611 344 655 scribit
392 610 476 649 tota
511 606 719 660 prolapsa
762 607 872 648 acies
914 607 959 647 in
992 616 1199 658 praeceps
1228 601 1396 654 deferri,
1429 601 1502 654 27,
1539 601 1607 656 19,
1644 598 1702 644 10
1736 597 1933 651 prolapso
1971 612 2071 652 equ-0
2112 597 2270 650 effusus
2308 597 2349 638 in
2381 609 2595 649 praemis,
2644 596 2701 639 ib.
2736 609 2771 638 c.

186 680 334 737 27,11
366 693 456 721 rem
482 677 692 732 publicam
723 679 767 720 in
790 689 995 731 praeceps
1025 673 1209 717 dederat.
1253 675 1315 718 Et
1347 674 1459 728 quod
1493 672 1628 717 semel
1659 672 1705 716 in
1738 671 1856 715 Livii
1888 671 2010 714 libris
2042 670 2112 724 44,
2147 670 2218 725 46,
2253 669 2280 715 4
2313 666 2555 710 advertendi
2588 669 2770 712 verbum

184 767 264 808 pro
295 749 651 793 animadvertendi
680 751 868 805 positum
901 749 1138 803 invenit-ur,
1171 760 1221 791 eo
1253 746 1367 801 quod
1389 746 1543 789 Tacito
1574 744 1764 789 maxime
1796 747 2048 786 consuetum
2082 748 2152 786 est
2183 741 2243 795 (v.
2269 743 2398 797 Nipp.
2425 742 2480 785 ad
2513 754 2612 784 ann.
2636 739 2677 790 2,
2698 738 2774 786 32)

187 810 310 869 satis>
334 822 511 868 defendi
542 827 757 879 putamus,
803 834 883 865 nec
930 834 1017 865 non
1057 817 1327 873 praeleyendi
1359 819 1538 862 verbum
1570 818 1615 861 in
1648 816 1718 860 his
1750 813 1821 869 22,
1845 813 1917 869 20,
1942 813 1968 858 7
2001 826 2071 855 nec
2102 814 2344 857 continentis
2375 812 2496 854 ‚nodo
2522 810 2774 866 praelectast

159 901 276 946 ora,
318 894 392 937 sed
435 895 480 937 in
526 894 717 937 Ebusum
760 892 939 934 insulam
981 891 1284 939 transmissum,
1331 888 1683 934 Weissenbornii
1724 893 1770 931 et.
1814 886 2028 940 Madvigii
2074 887 2325 931 coniectura
2357 886 2626 930 restitutum.
2662 896 2773 938 quae

188 968 283 1011 fere
315 968 513 1011 omnibus
545 966 674 1009 hodie
695 967 920 1019 probatur.
965 965 1148 1008 Codices
1179 962 1281 1006 boni
1313 962 1374 1005 ibi
1392 956 1634 1013 periectas²)
1657 971 1757 1000 oras
1788 959 2010 1011 exhibent,
2037 971 2090 1001 ex
2124 971 2205 1012 quo
2237 959 2346 1001 illud
2378 958 2552 1001 facilius
2585 957 2776 1000 efficitur

186 1053 318 1094 quam
351 1045 429 1083 aut
453 1036 661 1089 praevecti
689 1040 784 1078 sunt
815 1049 913 1078 oras
944 1039 1021 1080 aut
1043 1037 1264 1088 praevecta
1310 1035 1369 1074 est
1409 1022 1508 1073 oras
1539 1030 1618 1083 (sc,
1652 1029 1811 1079 classis,
1846 1030 1959 1083 quod
2004 1042 2161 1073 nomen
2207 1030 2334 1083 paulo
2369 1026 2629 1082 antecedit),
2663 1040 2774 1081 quae

187 1116 375 1165 utraque
406 1122 556 1153 vocem
590 1108 814 1153 'l‘aciteam
848 1106 966 1160 (ann.
990 1106 1031 1157 2.
1054 1106 1124 1151 79.
1160 1105 1200 1161 6,
1227 1103 1272 1160 1)
1305 1105 1499 1159 recipere
1532 1116 1617 1147 non
1651 1114 1784 1146 ausus
1817 1107 1971 1156 postea
2002 1101 2116 1145 idem
2150 1101 2463 1144 Weissenborn
2496 1095 2774 1154 temptavit3)

188 1188 235 1226 et
266 1195 446 1235 quorum
479 1181 699 1234 posterius
730 1181 889 1234 plurali
931 1193 1028 1221 oras
1060 1183 1259 1223 correcto
1293 1189 1433 1230 nuper
1465 1175 1770 1219 Luterbacher
1801 1173 2039 1216 revocavit.
2107 1173 2193 1216 Sed
2225 1180 2270 1215 et
2301 1173 2522 1226 passivam
2558 1171 2775 1215 orationis

185 1252 370 1296 formam
404 1252 539 1295 multo
572 1251 802 1294 rectiorem
836 1263 934 1294 esse
956 1251 1141 1305 Madvig
1163 1248 1306 1294 sensit
1336 1253 1383 1290 et
1413 1244 1573 1298 leyendi
1604 1246 1741 1289 verbo
1775 1244 1923 1288 sexies
1955 1244 2020 1287 ita
2051 1256 2157 1287 usus
2190 1247 2257 1287 est
2281 1244 2435 1287 Livius
2459 1242 2520 1297 (v.
2546 1243 2684 1286 Fabri
2719 1242 2776 1285 ad

188 1322 260 1377 21,
294 1323 364 1377 51,
398 1322 455 1377 7),
490 1329 535 1366 et
566 1323 719 1376 nequis
766 1323 819 1365 de
868 1322 1046 1376 passiva
1077 1322 1170 1365 eius
1203 1324 1327 1366 verbi
1360 1325 1499 1367 forma
1530 1324 1716 1377 dubitet,
1762 1327 1924 1366 annot-o
1959 1322 2099 1365 Taciti
2140 1323 2246 1376 Agr.
2284 1320 2340 1364 38
2375 1319 2628 1361 Britanniae
2658 1318 2777 1360 litore

189 1393 285 1435 lecto
317 1393 438 1435 omni.

404 1467 464 1511 Ut
485 1467 619 1511 etiam
642 1466 888 1521 syntactica
910 1467 1057 1521 aliqua
1079 1467 1251 1511 'l'acitei
1275 1466 1488 1511 sermonis
1520 1466 1698 1521 propria
1731 1470 1978 1521 tangamus,
2003 1465 2048 1509 in
2072 1465 2227 1519 quibus
2250 1464 2423 1509 Livium
2458 1465 2520 1508 illi
2555 1470 2776 1508 auctorem

189 1540 326 1584 fuisse
369 1540 558 1594 indeque
600 1541 678 1583 hoc
725 1540 890 1583 illudve
929 1540 972 1583 in
1016 1540 1191 1583 dubium
1223 1546 1426 1584 vocatum
1471 1539 1660 1583 stabiliri
1705 1551 1834 1593 posse
1867 1543 2082 1592 putamus,
2118 1537 2298 1581 Tacitus
2333 1538 2507 1592 saepius
2539 1537 2778 1591 improviso

409 1705 437 1747 ¹)
486 1705 568 1740 Liv.
606 1705 637 1747 1,
664 1705 721 1748 57,
747 1705 769 1738 5
805 1704 899 1747 reoli
931 1703 1074 1747 quidem
1111 1704 1258 1739 iuvenes
1302 1704 1481 1739 interdum
1528 1705 1673 1738 otium
1714 1704 1891 1738 conviviis
1934 1702 2305 1747 comisationibusque
2342 1705 2437 1737 ‘In-ter
2478 1713 2515 1736 se
2558 1702 2779 1736 terebant

184 1766 361 1809 Zingerle
387 1775 503 1809 nuper
529 1775 574 1799 ex
600 1765 724 1799 codice
751 1764 996 1799 bibliothecae
1016 1764 1151 1799 Bened.
1178 1765 1224 1799 ad
1242 1765 1276 1802 S.
1295 1765 1447 1800 Paulum
1473 1765 1511 1800 in
1532 1764 1727 1800 Carinthia
1758 1776 1854 1799 saec.
1875 1764 1977 1806 XIII,
2005 1769 2047 1799 ut
2072 1764 2232 1807 videtur,
2259 1764 2488 1808 interpolato
2516 1762 2778 1797 trahebant

190 1826 324 1863 edidit.
375 1827 427 1861 At
460 1823 571 1858 otium
616 1827 731 1857 terere
762 1835 834 1860 non
869 1823 985 1859 solum
1011 1824 1202 1869 Vergilius
1241 1825 1338 1860 (lixit
1375 1826 1467 1861 Aen.
1500 1825 1534 1868 4,
1560 1824 1629 1861 271
1658 1833 1731 1868 qua
1756 1833 1822 1867 spe
1848 1823 2004 1868 Libycis
2030 1824 2117 1858 teris
2143 1824 2219 1858 otia
2246 1824 2363 1866 tertis,
2390 1825 2436 1859 ad
2463 1835 2569 1868 quem
2596 1829 2776 1869 provocat

191 1887 238 1921 H.
265 1885 300 1920 J.
327 1884 484 1919 Mueller
509 1883 691 1918 Zeitschr.
718 1883 743 1917 f.
769 1883 899 1927 Gynin.
918 1883 977 1917 W.
998 1882 1090 1917 1888
1110 1883 1322 1918 Jahresbcr.
1348 1895 1382 1929 p.
1409 1884 1466 1927 94,
1493 1885 1556 1918 sed
1582 1884 1697 1918 etiam
1710 1884 1872 1926 „Tacitus
1898 1884 1986 1919 hist.
2012 1885 2045 1926 2,
2073 1884 2120 1918 34
2144 1893 2189 1916 ue
2214 1883 2377 1926 ipsorum
2403 1882 2507 1915 miles
2531 1893 2639 1926 seyne
2665 1883 2779 1915 otium

194 1947 326 1980 tereret
353 1948 392 1979 et
418 1943 562 1978 Statius
597 1943 680 1978 silv.
717 1943 750 1986 3,
776 1942 809 1986 5,
837 1941 881 1978 61
920 1941 995 1976 otia
1030 1944 1104 1976 tam
1133 1942 1314 1986 pulchrae
1353 1943 1454 1977 terit·
1471 1942 1670 1986 infecunda
1707 1943 1886 1985 iuventae,
1927 1956 2146 1988 quamquam
2173 1944 2327 1979 Tacitus
2354 1945 2468 1979 etiam
2496 1943 2608 1977 otium
2636 1942 2782 1977 trahere

192 2006 342 2051 scripsit
367 2003 457 2039 hist.
484 2004 516 2045 4,
545 2003 591 2038 70
624 2000 809 2036 Classicus
834 2011 943 2045 seyne
963 2001 1176 2046 plerumque
1201 2003 1314 2036 otium
1341 2003 1499 2037 trahens.

408 2064 436 2105 ²)
488 2064 534 2098 H.
562 2074 591 2098 e.
613 2061 822 2105 periectast,
849 2073 954 2106 quem
982 2063 1027 2097 ad
1066 2063 1208 2098 modum
1235 2063 1272 2098 in
1300 2063 1490 2098 Puteaneo
1517 2067 1675 2098 exarata
1703 2069 1790 2098 sunt
1816 2063 1874 2106 23,
1903 2063 1958 2100 18.
1987 2063 2008 2098 7
2029 2063 2262 2105 proposita-st
2301 2064 2410 2105 (unde
2439 2063 2626 2097 turbatum
2656 2069 2711 2097 est
2741 2065 2779 2097 in

190 2136 287 2161 rece.
307 2124 421 2166 codd,
440 2122 571 2168 copula
598 2132 677 2157 cum
704 2121 914 2165 insequenti
933 2123 1043 2164 atque
1060 2121 1268 2165 coniuncta,
1287 2126 1329 2157 ut
1346 2124 1490 2165 statque
1514 2122 1633 2165 fieret,
1661 2122 1793 2157 deinde
1820 2123 1859 2157 in
1887 2122 1972 2157 aliis
2000 2126 2172 2167 serpente
2200 2133 2323 2157 errore
2342 2124 2540 2164 stansque),
2561 2121 2608 2155 ih.
2637 2133 2665 2155 c.
2685 2121 2741 2157 47.
2757 2121 2779 2154 6

182 2183 391 2228 proditam,
427 2195 456 2219 c.
492 2183 550 2225 49,
577 2182 599 2217 3
634 2180 932 2215 administratam
965 2181 1164 2226 paucisque
1197 2182 1282 2217 aliis
1319 2182 1422 2217 locis.
1475 2182 1586 2217 Cuius
1625 2182 1833 2227 scripturae
1873 2182 2058 2217 rationem
2094 2181 2305 2216 Lachmann
2342 2182 2387 2215 ad
2426 2182 2531 2216 Lucr.
2561 2182 2592 2218 1.
2620 2181 2691 2215 993
2719 2192 2780 2216 ex-

191 2245 365 2290 plicavit,
401 2243 619 2279 testimonia
655 2253 700 2277 ex
739 2241 927 2277 Ciceronis
966 2242 1070 2277 libris
1102 2243 1307 2287 rescriptis,
1346 2242 1396 2277 ibi
1429 2253 1570 2286 quoque
1596 2253 1695 2285 rara,
1730 2242 1831 2277 dedit
1859 2242 2005 2277 Freund
2032 2242 2079 2276 ad
2118 2242 2307 2277 Ciceronis
2334 2242 2577 2276 Milonianam
2605 2253 2638 2286 p.
2669 2242 2713 2276 19
2740 2253 2782 2286 sq

190 2305 327 2339 Eodem
363 2308 488 2338 autem
524 2303 654 2337 mendo
689 2302 727 2336 in
754 2302 945 2336 Puteaneo
971 2302 1071 2336 Livii
1098 2301 1275 2337 scribitur
1298 2302 1356 2344 24,
1384 2303 1417 2344 3,
1443 2302 1466 2336 9
1491 2301 1630 2334 cinctas
1657 2315 1700 2329 =
1729 2301 1893 2341 cincta-st,
1920 2302 1958 2336 in
1985 2301 2150 2336 Lucretii
2177 2301 2279 2335 codd.
2306 2307 2401 2336 vett.
2431 2302 2461 2343 1,
2488 2301 2559 2336 993
2584 2300 2709 2334 nullas
2737 2315 2780 2329 =

190 2362 332 2396 nullast
356 2388 365 2404 ,
393 2362 425 2405 3,
451 2361 522 2396 884
548 2359 758 2403 distractas,
793 2360 831 2395 in
868 2360 1057 2396 Ciceronis
1090 2360 1255 2396 Mediceo
1294 2362 1362 2396 Att
1401 2361 1434 2405 7,
1463 2362 1518 2403 11,
1545 2361 1568 2396 4
1591 2360 1726 2403 factas,
1754 2361 1940 2396 Vaticano
1968 2360 2061 2395 Phil.
2088 2359 2122 2403 2,
2148 2360 2206 2401 29,
2234 2360 2278 2396 73
2299 2358 2485 2403 prolatas,
2512 2360 2550 2396 in
2578 2360 2781 2397 Frontonis

193 2422 436 2469 palimpsesto
471 2420 646 2456 Bobiensi
681 2431 725 2455 m.
760 2420 778 2455 1
814 2419 853 2453 in
886 2419 1038 2462 aoezz'mos,
1072 2420 1133 2456 ubi
1174 2421 1295 2457 Naber
1334 2421 1552 2457 adnotavit:
1580 2421 1767 2464 ,credibile
1807 2425 1863 2456 est
1899 2425 1937 2456 et
1970 2420 2029 2456 hic
2055 2425 2095 2456 et
2121 2420 2211 2456 alibi
2239 2421 2415 2466 scriptum
2444 2420 2561 2457 fuisse
2588 2420 2778 2457 ani-urst!

194 2484 390 2520 Contrarie
417 2486 607 2528 peccatum
636 2487 694 2516 est
719 2481 758 2516 in
784 2480 961 2516 Bembino
989 2480 1158 2516 Terentii
1193 2480 1258 2516 Ad.
1288 2481 1357 2516 415
1383 2480 1496 2514 vitast
1521 2492 1586 2527 pro
1612 2480 1721 2524 vitas,
1748 2481 1841 2516 unde
1868 2492 1941 2516 non
1968 2481 2081 2516 mirus
2108 2492 2210 2516 error
2237 2485 2306 2524 est,
2334 2492 2404 2525 quo
2432 2481 2470 2516 in
2498 2482 2625 2517 eodem
2653 2483 2778 2517 coelice

193 2544 282 2578 Hec.
309 2543 402 2588 prol.
428 2542 475 2576 49
501 2541 580 2583 (57)
608 2541 729 2582 empta-
756 2542 808 2572 est
829 2550 898 2584 pro
925 2542 1066 2582 emptas
1092 2544 1212 2583 extat,
1246 2541 1284 2574 in
1324 2541 1427 2575 codd.
1453 2540 1553 2575 Livii
1580 2540 1637 2582 31,
1667 2540 1723 2581 18,
1749 2540 1772 2573 4
1797 2539 1921 2572 animo
1948 2542 2001 2571 est
2026 2551 2091 2584 pro
2119 2540 2263 2572 animos
2289 2541 2403 2584 (quod
2430 2542 2609 2585 egregiae
2638 2543 2781 2576 coniec-

193 2608 301 2638 turae
328 2603 483 2637 debetur
507 2600 690 2644 Madvigii
718 2610 784 2634 em.
812 2599 892 2636 Liv.
919 2611 952 2644 p.
980 2599 1066 2634 465²
1087 2599 1173 2644 aq),
1201 2600 1298 2635 sicut
1323 2600 1525 2644 scriptione
1553 2600 1729 2635 continua
1755 2600 1913 2635 fallente
1942 2600 2016 2635 Cic.
2045 2601 2124 2635 Att.
2156 2600 2213 2643 13,
2240 2600 2298 2643 40,
2327 2601 2345 2635 1
2374 2601 2411 2636 in
2439 2601 2534 2636 Med.
2563 2607 2682 2636 ortum
2727 2609 2784 2635 cst

195 2661 246 2696 ad
271 2671 352 2695 mea
378 2663 431 2695 est
456 2672 502 2696 ex
528 2658 579 2692 ad
602 2661 756 2693 memst
784 2659 891 2701 (corr.
919 2670 963 2694 m.
990 2658 1033 2703 2;
1060 2659 1206 2703 Kayser
1231 2660 1331 2695 solus
1357 2661 1397 2693 at
1423 2659 1582 2702 maluit),
1609 2658 1712 2694 cuius
1746 2659 1884 2694 similia
1902 2659 2049 2695 Vahlen
2076 2671 2123 2695 ex
2150 2659 2340 2696 Ciceronis
2369 2661 2412 2696 de
2439 2662 2542 2706 legg.
2564 2665 2670 2696 libri>-
2697 2661 2779 2696 adn.

196 2722 241 2757 ad
269 2722 304 2764 2,
333 2721 388 2762 12,
416 2720 459 2755 31
488 2719 631 2755 attulit.
683 2718 781 2754 Alibi
807 2720 842 2752 st
866 2718 904 2753 in
929 2717 964 2751 si
988 2718 1102 2753 abiit:
1130 2718 1237 2754 Lucr.
1263 2719 1297 2762 6,
1323 2718 1393 2754 336
1413 2717 1533 2762 playa
1546 2718 1579 2752 si
1597 2731 1640 2747 =
1653 2717 1819 2761 playast,
1852 2718 1886 2761 5,
1915 2719 2010 2754 1053
2035 2718 2151 2758 facile
2163 2718 2199 2752 si
2225 2733 2269 2749 =
2293 2719 2452 2762 facilest,
2483 2721 2560 2755 Liv.
2589 2721 2645 2762 32,
2672 2721 2731 2763 20,
2759 2724 2781 2755 8

194 2780 328 2817 Bamb.
354 2778 486 2813 mirum
503 2777 538 2812 si
554 2790 597 2806 ==
617 2776 783 2811 mirumst
809 2776 916 2817 (corr.
940 2775 1117 2822 Ussing);
1144 2776 1181 2812 in
1200 2785 1259 2810 se.-
1285 2776 1391 2813 Lucr.
1418 2776 1451 2813 6.
1478 2776 1548 2812 475
1575 2776 1847 2819 consangminea
1873 2786 1911 2810 se
1937 2790 1980 2806 =
2009 2777 2331 2821 emmanyuincase,
2358 2779 2438 2815 Liv.
2458 2779 2515 2823 41,
2544 2780 2599 2822 18,
2626 2781 2648 2815 4
2675 2780 2783 2816 vind.

190 2839 406 2876 auditumse
431 2851 475 2868 =
503 2836 719 2877 auditumst,
758 2837 833 2872 Cic.
860 2837 940 2871 Att.
975 2837 1007 2880 1,
1035 2836 1067 2879 1,
1095 2836 1114 2871 1
1150 2836 1246 2872 Med.
1281 2836 1465 2879 opv'niose5
1497 2836 1535 2872 in
1560 2835 1631 2869 sit:
1664 2836 1746 2872 Liv.
1773 2837 1830 2880 44,
1858 2837 1916 2881 36,
1945 2838 1990 2873 13
2016 2846 2152 2880 operae
2169 2837 2218 2871 sit
2244 2851 2288 2866 =
2316 2841 2494 2881 operaest,
2521 2839 2570 2874 ib.
2597 2851 2626 2875 c.
2654 2840 2711 2883 35,
2740 2841 2785 2875 16

191 2900 377 2944 uto-imque
398 2899 449 2933 sit
467 2912 510 2927 =
529 2897 754 2942 utrimqueet,
781 2897 997 2943 saepissime
1023 2897 1062 2932 in
1089 2896 1279 2933 Ciceronis
1305 2897 1502 2937 codicibus,
1528 2908 1564 2931 v.
1590 2897 1824 2942 Madvigium
1851 2898 1895 2932 de
1922 2897 1981 2933 fin.
2008 2898 2042 2941 3,
2068 2897 2127 2941 58,
2155 2909 2236 2944 opp.
2265 2910 2339 2934 acc.
2367 2899 2396 2941 Ι,
2424 2899 2503 2934 184.
2530 2899 2579 2941 ΙΙ,
2605 2900 2687 2943 222,
2716 2912 2784 2936 em.

194 2960 277 2997 Liv.
303 2958 402 3004 705¹,
428 2959 513 2995 adv.
538 2959 621 2994 crit.
647 2958 676 3002 1,
703 2957 761 2993 68.
786 2957 836 3001 Π,
862 2956 930 2993 681
957 2957 1031 2993 ind.
1057 2968 1086 2993 s.
1111 2968 1148 2993 v.
1174 2959 1232 3000 εἰς
1257 2957 1296 2993 in
1321 2959 1426 2991 sunt:
1451 2957 1526 2993 Cic.
1543 2958 1624 2992 Att.
1644 2957 1700 3001 13,
1725 2957 1784 3001 29,
1811 2958 1833 2994 2
1860 2956 2035 2991 addenda
2060 2961 2145 2992 sunt
2171 2972 2214 2988 =
2241 2958 2459 3001 addenda-st,
2487 2960 2580 2995 Phil.
2612 2960 2646 3003 5,
2668 2961 2723 3004 17,
2739 2961 2785 2997 47

194 3020 286 3057 Vat.
325 3019 487 3054 extincta
521 3021 606 3053 sunt
632 3033 676 3049 =
704 3017 902 3052 eminetast
933 3018 1045 3061 (unde
1081 3018 1348 3063 interpolatum
1387 3021 1445 3053 est
1479 3017 1516 3053 in
1542 3028 1635 3053 recc.
1663 3018 1767 3055 codd.
1794 3019 1958 3053 extincta
1988 3018 2113 3071 suist*
2132 3020 2397 3065 intempestive
2434 3022 2468 3053 st
2493 3032 2558 3065 pro
2584 3004 2618 3054 {t
2645 3021 2786 3060 habito,

191 3092 267 3127 quo
295 3080 401 3118 modo
435 3079 612 3117 incohata
650 3079 838 3126 reperitur
872 3078 1115 3125 interpolatio
1149 3079 1188 3114 in
1222 3077 1490 3123 Bambergensi
1524 3077 1623 3114 Livii
1662 3078 1720 3123 36,
1746 3078 1805 3122 23,
1832 3079 1854 3114 9
1882 3076 2125 3123 perductam
2150 3094 2194 3110 =
2216 3078 2397 3123 perducta
2423 3083 2488 3115 est.
2539 3080 2631 3116 Tam
2657 3082 2787 3117 varias

195 3140 425 3177 mutationes
451 3140 567 3176 subiit
592 3140 793 3184 turbasque
819 3139 923 3175 dedit
948 3133 1134 3184 scriptura
1158 3140 1193 3173 st
1218 3149 1241 3173 a
1266 3138 1429 3174 librariis
1455 3149 1526 3174 non
1552 3137 1759 3175 intellecta.

412 3199 442 3241 ⁸)
492 3199 597 3235 Lect.
634 3199 715 3234 Liv.
748 3199 777 3242 Ι,
809 3198 857 3234 23
890 3209 925 3233 n.
959 3197 993 3241 8,
1009 3198 1176 3243 {Bergkii
1203 3202 1242 3233 et
1268 3197 1441 3233 Caesaris
1467 3197 1651 3242 ephemer.
1685 3209 1718 3233 a.
1747 3198 1839 3234 1847
1872 3210 1907 3244 p.
1935 3199 2040 3244 1007,
2067 3200 2106 3235 in
2131 3200 2188 3235 ed.
2233 3200 2372 3236 Teubu.
2407 3201 2531 3237 altera
2558 3201 2789 3246 discrepant..

193 3260 326 3304 script.
350 3270 385 3303 p.
413 3258 486 3293 CV.
