2997 3690
747 37 758 53 .,
820 4 918 89 ’ξρ
995 11 1193 143 ὦ
1261 24 1413 147 NK&
1532 88 1696 158 *mg-x
2398 93 2783 186 'nmen‘

995 676 1411 775 vindiciae
1473 676 1899 773 Livianae.

1365 823 1485 864 Part.
1519 823 1554 865 I.

383 954 504 999 Livii
545 955 752 999 librorum
798 955 871 1008 qui
911 958 1148 1007 supersunt
1192 953 1539 996 emendationem
1572 952 1709 996 certis
1747 950 2046 994 fundamentis
2078 952 2159 993 hac
2191 957 2340 994 aetate
2373 950 2618 993 stabilitam
2654 950 2753 993 viro

168 1027 429 1071 immortalis
474 1027 707 1069 memoriae
755 1031 978 1079 acceptam
1019 1026 1266 1078 referimus,
1315 1038 1443 1078 quem
1485 1023 1710 1067 indefessa
1753 1036 1888 1075 usque
1936 1023 1992 1065 ad
2042 1023 2238 1065 ultimum
2282 1023 2483 1076 spiritum
2530 1037 2637 1065 cura
2681 1023 2749 1065 his

167 1099 326 1142 studiis
375 1098 693 1141 incumbentem
741 1098 939 1153 proxime
983 1103 1182 1152 ereptum
1213 1095 1424 1149 dolemus,
1464 1095 1721 1149 quicumque
1768 1094 1814 1137 in
1856 1094 1932 1137 illo
1980 1094 2195 1148 scriptore
2240 1095 2474 1138 tractando
2508 1108 2752 1137 versamur.

166 1166 399 1224 A'uctaque
432 1170 681 1213 emendatio
705 1174 787 1224 est,
821 1173 870 1213 ut
901 1183 1013 1224 quae
1044 1169 1245 1223 maxime,
1278 1168 1511 1212 coniuncta
1541 1167 1726 1211 aliorum
1760 1167 1984 1209 doctorum
2017 1180 2151 1221 opera
2183 1167 2250 1209 his
2282 1167 2493 1220 proximis
2526 1166 2755 1210 decenniis

165 1247 299 1296 atque
347 1255 397 1285 eo
440 1247 664 1297 provecta,
698 1250 747 1287 ut
779 1242 1046 1297 primitivam
1079 1241 1341 1296 scripturam
1373 1244 1678 1294 recuperatam
1711 1252 1811 1282 esse
1844 1239 1896 1282 de
1930 1239 2169 1283 innumeris
2201 1239 2308 1282 locis
2339 1240 2468 1283 hodie
2502 1239 2750 1283 conveniat.

164 1313 310 1358 Multa
341 1318 487 1358 tamen
534 1321 582 1358 ut
622 1315 673 1358 fit
704 1314 952 1359 etiamnunc
984 1328 1011 1358 a
1043 1314 1276 1369 deplorata
1321 1313 1515 1356 codicum
1546 1311 1800 1357 condicione
1833 1325 1971 1367 aegra
2001 1312 2158 1366 iacent,
2193 1312 2282 1355 alia
2314 1317 2390 1355 aut
2423 1311 2525 1355 olim
2557 1312 2641 1355 iam
2675 1318 2753 1355 aut

169 1398 310 1439 nuper
350 1386 520 1429 demum
568 1387 610 1429 in
655 1386 828 1429 dubium
877 1390 1035 1429 vocata
1078 1387 1158 1429 sub
1196 1386 1341 1429 iudice
1384 1385 1591 1440 pendent,
1625 1384 1750 1427 varie
1793 1385 1975 1427 defensa
2016 1392 2093 1427 aut
2140 1390 2325 1427 mutata.
2402 1385 2547 1438 Atque
2580 1385 2751 1427 illorum

164 1457 336 1510 quidem
360 1457 556 1501 remedia
578 1457 806 1502 divinandi
827 1458 1021 1511 periculo
1044 1470 1208 1512 augere
1230 1470 1344 1500 nunc
1366 1456 1535 1500 animus
1568 1470 1653 1500 non
1688 1460 1770 1509 est,
1805 1457 1883 1500 sed
1915 1456 2061 1510 potius
2095 1456 2303 1509 quosdam
2337 1456 2454 1499 locos
2488 1457 2749 1511 disceptare,

164 1541 272 1582 quos
306 1528 534 1583 operosius
567 1530 790 1582 quaesitos
834 1533 953 1572 recte
1000 1528 1190 1583 scriptos
1237 1540 1336 1571 esse
1379 1528 1424 1570 in
1466 1527 1686 1571 codicibus
1735 1528 1860 1570 nobis
1892 1527 2191 1581 persuasimus
2232 1532 2276 1571 et
2323 1527 2469 1571 inutili
2503 1529 2750 1571 criticorum

164 1612 299 1654 opera
330 1600 485 1644 vexari
516 1605 649 1654 atque
681 1601 791 1644 adeo
835 1600 1051 1655 corrumpi
1095 1599 1399 1643 existimamus
1445 1599 1723 1653 coniecturis,
1756 1612 1936 1652 quarum
1971 1599 2145 1653 quidem
2190 1604 2386 1654 segetem
2419 1600 2673 1653 plerumque
2706 1601 2750 1643 in

164 1671 259 1714 dies
280 1671 597 1716 increscentem
620 1672 831 1716 videmus.
894 1673 944 1715 In
979 1684 1062 1726 quo
1094 1672 1341 1726 patrocinio
1385 1672 1662 1726 suscipiendo
1707 1671 1814 1714 illud
1847 1671 2080 1725 tenuimus,
2106 1676 2153 1714 ut
2176 1672 2360 1725 primum
2393 1686 2445 1715 ac
2477 1672 2751 1726 potissimum

161 1742 282 1787 Livii
311 1743 451 1797 ipsius
484 1744 657 1788 dicendi
687 1757 827 1798 genus
859 1744 1207 1788 examinaremus
1250 1751 1296 1788 et
1337 1744 1453 1800 inde,
1488 1744 1526 1787 si
1557 1743 1654 1787 fieri
1686 1748 1851 1798 posset,
1885 1743 2149 1786 adminicula
2181 1750 2446 1798 peteremus,
2481 1758 2592 1798 quae
2625 1750 2674 1788 ut
2707 1746 2748 1788 in

162 1814 333 1868 prolixo
367 1828 500 1870 opere
532 1815 751 1859 interdum
785 1830 871 1860 non
904 1815 998 1859 sine
1031 1816 1180 1860 labore
1212 1821 1526 1871 comparantur
1556 1820 1828 1871 possuntque
1869 1815 2078 1859 editorem
2114 1815 2184 1859 vel
2218 1816 2369 1859 sedulo
2402 1817 2752 1870 circumspicien-

161 1893 249 1930 tem
296 1887 426 1931 facile
470 1887 640 1942 fugere.
718 1888 888 1931 Deinde
929 1892 1109 1949 praeter
1149 1888 1346 1931 universi
1377 1888 1532 1931 Latini
1576 1888 1790 1932 sermonis
1824 1888 2177 1930 observationem
2211 1887 2388 1930 Liviani
2421 1888 2513 1931 stili
2545 1895 2751 1931 auctores

161 1963 207 2000 et
237 1957 498 2013 imitatores,
522 1971 615 2002 cum
647 1959 745 2013 plus
778 1959 894 2002 iusto
927 1960 972 2003 in
1004 1959 1085 2003 hac
1116 1972 1250 2002 causa
1281 1959 1458 2014 neglegi
1480 1951 1750 2012 viderentur,
1773 1973 1860 2003 non
1894 1959 2236 2003 contemnendos
2269 1973 2367 2003 esse
2400 1964 2446 2003 et
2477 1974 2571 2003 cum
2603 1960 2750 2004 fructu

159 2029 204 2072 in
237 2034 388 2084 partes
419 2030 571 2074 vocari
604 2031 818 2075 duximus.
891 2032 1028 2075 Plura
1070 2030 1236 2085 profari
1279 2043 1366 2074 non
1414 2043 1521 2085 opus
1554 2035 1643 2075 est:
1692 2031 1908 2075 rationem
1941 2037 2137 2075 nostram
2172 2032 2515 2086 qualemcunque
2549 2045 2620 2075 res
2653 2032 2753 2086 ipsa

159 2100 418 2145 declarabit.
483 2101 667 2146 Interim
708 2115 788 2146 nos
821 2115 904 2146 non
937 2102 1195 2157 paenitebit,
1239 2103 1277 2146 si
1308 2102 1546 2158 contigerit
1577 2101 1744 2157 aliquid
1777 2103 1833 2146 ad
1865 2116 1995 2147 unam
2028 2104 2271 2147 alteramve
2304 2103 2535 2147 lectionem
2568 2104 2749 2158 firmius,

158 2184 288 2227 quam
332 2173 472 2217 adhuc
514 2172 677 2218 factum
714 2179 802 2229 est,
834 2174 1143 2219 stabiliendam
1188 2178 1233 2218 et
1273 2175 1329 2219 ad
1368 2175 1581 2220 sermonis
1627 2187 1722 2220 cum
1766 2175 1916 2219 Latini
1961 2179 2050 2219 tum
2093 2175 2272 2219 Liviani
2329 2179 2532 2220 naturam
2581 2176 2750 2221 rectius

155 2244 476 2289 aestimandam
511 2245 683 2290 utiliter
714 2245 965 2299 contulisse.

375 2316 411 2360 I.
474 2316 585 2360 Inde
626 2329 653 2360 a
693 2316 822 2361 Livio
866 2316 1053 2361 maxime
1094 2318 1275 2362 verbum
1317 2315 1532 2360 deserendi
1575 2318 1776 2363 absolute
1820 2318 1921 2373 poni
1964 2318 2017 2362 de
2051 2318 2263 2363 militibus
2310 2319 2440 2374 signa
2484 2320 2556 2364 vel
2600 2325 2751 2365 castra

156 2387 505 2442 relinquentibus
553 2385 846 2440 (desertieren)
888 2388 1073 2443 vulgata
1116 2400 1188 2432 res
1229 2393 1310 2444 est,
1353 2389 1407 2433 de
1449 2401 1535 2443 qua
1574 2393 1752 2445 praeter
1795 2389 1907 2434 alios
1955 2390 2209 2445 Nipperdey
2254 2390 2360 2445 spic.
2394 2391 2439 2435 in
2474 2392 2601 2436 Corn.
2637 2393 2746 2448 Nep.

156 2459 215 2515 II,
247 2459 274 2504 5
311 2472 352 2516 p.
386 2458 413 2504 5
446 2472 510 2515 sq.
544 2459 740 2515 pluribus
784 2459 1042 2521 disputavit,
1074 2473 1186 2515 quae
1226 2473 1342 2505 nunc
1378 2460 1570 2516 repetita
1606 2461 1814 2517 leguntur
1845 2461 1888 2506 in
1934 2461 2155 2517 opusculis
2187 2476 2229 2518 p.
2265 2461 2350 2507 174
2396 2476 2491 2519 sqq.
2535 2461 2669 2517 (addo
2703 2478 2747 2509 u-

154 2544 256 2576 num
304 2531 547 2587 exemplum
587 2532 777 2586 Ampelii
808 2532 883 2575 lib.
907 2545 1030 2576 mem.
1056 2530 1187 2587 19,10
1209 2530 1406 2586 Scaurus,
1430 2532 1503 2586 qui
1531 2532 1656 2574 vetuit
1682 2531 1816 2585 filium
1847 2533 1892 2574 in
1923 2536 2179 2586 conspectum
2199 2547 2323 2575 suum
2355 2535 2504 2586 venire,
2526 2536 2626 2589 quia
2648 2535 2748 2578 bello

156 2601 363 2645 Cimbrico
385 2600 656 2657 deseruerat).
705 2604 850 2647 Minus
882 2608 1031 2647 notum
1062 2604 1238 2648 videtur
1269 2603 1474 2648 similiter
1504 2602 1760 2645 abnuendi
1791 2606 1975 2649 verbum
2007 2606 2052 2649 in
2084 2619 2132 2650 re
2164 2606 2346 2651 militari
2373 2607 2543 2652 infinite
2575 2608 2662 2652 dici
2694 2609 2748 2653 de

153 2675 367 2720 militibus
415 2675 536 2719 iussa
582 2675 733 2719 ducum
782 2675 1145 2730 detrectantibus,
1190 2676 1305 2730 quod
1335 2675 1507 2731 plenius
1539 2675 1668 2720 effert
1699 2677 1883 2721 Tacitus
1914 2692 2016 2722 ann.
2052 2677 2183 2733 14‚37
2217 2678 2419 2721 abnuerat
2449 2683 2591 2721 contra
2621 2680 2749 2721 ritum

154 2746 328 2789 militiae
358 2747 476 2789 iussa
508 2744 680 2802 ducis.¹)
755 2748 886 2792 Certe
929 2747 1184 2803 plerumque
1228 2749 1341 2792 hunc
1371 2761 1496 2792 usum
1537 2762 1778 2804 agnoscere
1811 2750 1930 2794 nolle
1962 2751 2116 2795 doctos
2148 2753 2400 2797 observavi.
2465 2753 2600 2797 Velut
2631 2755 2748 2808 quod

156 2832 374 2863 consensu
412 2820 620 2863 librorum
652 2820 863 2863 traditum
907 2824 976 2862 est
1017 2819 1062 2862 in
1108 2820 1225 2864 Livii
1270 2821 1298 2864 l.
1343 2820 1400 2865 27
1434 2834 1469 2864 c.
1503 2820 1573 2873 49,
1602 2819 1629 2863 3
1672 2819 1739 2861 ille
1779 2819 2055 2871 (Hasdrubal
2100 2824 2146 2867 in
2184 2838 2335 2880 pugna
2366 2823 2571 2879 Senensi)
2615 2825 2749 2877 fessos

159 2889 454 2945 abnuentisque
474 2888 611 2933 taedio
643 2892 680 2933 et
710 2889 849 2933 labore
878 2904 984 2934 nuuc
996 2891 1210 2946 precando
1230 2906 1337 2936 nunc
1357 2891 1599 2947 castiyando
1613 2892 1818 2945 accendit,
1839 2908 1982 2950 nuper
2003 2896 2149 2941 Luchs
2182 2897 2512 2942 Friedersdorff
2537 2898 2747 2953 Zingerle

157 2958 281 3015 (nam
313 2964 368 3008 de
401 2963 458 3007 H.
493 2964 537 3008 J.
571 2964 785 3009 Muellero
817 2966 1005 3009 nondum
1036 2963 1233 3021 constat)
1266 2966 1494 3022 Madvigio
1541 2967 1826 3011 crediderunt
1857 2981 1886 3011 a
1917 2968 2049 3013 Livio
2083 2970 2146 3014 sic
2176 2970 2420 3025 profectum
2453 2983 2572 3015 esse:
2614 2969 2749 3023 fessos

371 3081 399 3126 ¹)
450 3082 505 3118 Cf.
533 3082 620 3118 Sall.
647 3081 692 3118 fr.
719 3082 806 3121 hist.
832 3082 913 3128 3‚67
938 3083 983 3122 D.
1016 3093 1129 3128 neque
1154 3094 1200 3118 σω
1226 3089 1418 3128 postrema
1451 3083 1554 3128 fuya,
1594 3094 1674 3118 cum
1699 3094 1825 3119 severo
1852 3084 1972 3120 edicto
2007 3086 2229 3130 iuberentur,
2261 3087 2349 3123 ullis
2375 3087 2427 3122 ad
2462 3088 2572 3133 siqua
2595 3088 2748 3123 redeun-

153 3138 261 3182 tibus,
295 3142 330 3174 et
360 3140 426 3184 qui
460 3140 595 3186 reliqui
626 3144 742 3186 erant,
770 3152 842 3186 per
864 3153 1008 3178 summa
1030 3143 1180 3188 flayitia
1213 3143 1596 3179 detrectantibus
1629 3142 1881 3179 militiam.
1945 3147 2045 3183 Alibi
2083 3146 2186 3182 iussa
2211 3157 2350 3190 mune,
2377 3147 2581 3182 detrectare
2605 3149 2746 3184 milites

154 3198 336 3235 dicuntur.

2507 3284 2525 3318 1
