2997 3690
186 130 219 178 8

182 272 314 314 honos
358 270 549 313 Meneni&
592 270 676 324 (sc.
722 273 860 328 esset),
893 272 932 315 si-
967 275 1137 325 ffteret,
1176 269 1462 314 consularibus
1492 269 1669 312 comitiis
1711 272 1770 311 est
1815 269 2016 314 exclusus.
2080 274 2174 319 Iam
2214 272 2288 329 qui
2319 273 2429 319 haec
2458 271 2659 326 exempla
2688 285 2792 327 per-

185 344 453 389 lustraverit
481 358 511 388 a
542 345 671 389 nobis
703 346 919 389 distincta
949 345 1200 400 generibus,
1234 344 1443 398 indicato,
1462 343 1601 388 sicubi
1632 343 1736 388 addi
1767 343 1988 387 mutarive
2020 345 2140 391 docti
2172 350 2420 405 voluerunt,
2451 353 2618 395 certam
2641 347 2786 403 legem

183 431 213 461 a
245 417 377 462 Livio
409 417 456 461 in
489 418 749 462 omittendis
771 418 897 461 verbi
928 417 1203 461 substantivi
1234 416 1529 460 coniunctivis
1559 417 1839 460 observatam
1863 414 1993 460 facile
2014 419 2276 476 perspiciet3
2308 422 2479 466 scilicet
2498 420 2716 465 continuit
2736 434 2786 464 se

180 490 280 533 fere
312 490 357 533 in
390 489 816 544 interrogationibus
844 488 1085 543 indirectis,
1108 487 1171 532 ibi
1197 499 1367 542 quoque
1390 488 1570 543 saepius
1599 485 1877 531 omissionem
1899 486 2070 531 leniens
2092 489 2208 534 alius
2240 493 2366 537 verbi
2398 493 2674 538 subiunctivo
2707 505 2787 547 per

182 564 220 603 et
242 561 504 623 particulam
536 561 753 616 copulato,
787 560 831 604 id
863 560 978 614 quod
1010 561 1147 604 semel
1169 559 1213 604 in
1237 559 1469 604 enuntiato
1491 558 1726 613 temporali
1752 558 1960 612 instituit,
1981 573 2077 604 cum
2099 563 2234 606 semel
2276 565 2323 608 in
2365 566 2592 609 sententia
2621 564 2784 608 modali

181 632 512 677 coniunctivum
540 631 749 676 omiserit.
794 631 990 675 Easdem
1012 636 1161 676 autem
1185 631 1384 676 rationes
1402 630 1605 675 Tacitum
1628 629 1673 674 in
1696 630 1874 685 scriptis
1896 631 2138 676 minoribns
2153 633 2437 689 historiisque
2454 643 2652 681 secutum
2668 650 2781 690 esse,

181 704 230 747 in
261 703 584 759 posterioribus
616 701 790 757 longius
822 715 1105 758 progressum
1139 716 1276 758 supra
1306 702 1667 757 significavimuS,
1690 702 1806 755 quod
1839 706 1887 746 ut
1918 703 2131 758 exemplis
2153 718 2325 759 quoque
2347 714 2651 763 cognoscatur,
2670 721 2784 751 nunc

182 775 447 819 ascribimus
471 775 575 819 hist.
599 773 639 829 4,
663 772 721 819 83
744 786 953 828 quaenam
986 773 1059 817 illa
1090 772 1341 827 suffirstitio,
1363 771 1474 828 quod
1504 785 1654 815 numen
1687 773 1951 827 intemoyant
1972 789 2075 820 ann.
2099 775 2140 831 2,
2175 776 2202 822 9
2223 775 2331 819 uude
2351 791 2402 819 ea
2422 776 2667 830 deformitas
2697 779 2789 821 oris·

179 847 424 901 intcrroyat,
440 847 543 891 hist.
568 846 608 901 4,
630 846 688 891 34
710 848 927 900 tamquam
940 845 1134 899 perditae
1159 844 1276 899 apud
1289 843 1502 892 Romanos
1523 857 1589 886 res
1609 846 1647 886 et
1665 843 1755 886 suis·
1777 844 1947 893 victoria
1959 848 2230 898 provenisset,
2254 849 2295 903 1,
2308 848 2365 893 21
2388 847 2490 891 dum
2505 848 2666 892 Galbae
2686 863 2789 892 auc-

179 917 331 959 toritas
355 918 489 970 fluxa,
522 916 694 959 Pisonis
724 916 909 959 noandum
939 916 1168 967 coaluisset.
1194 918 1342 963 Germ.
1367 916 1425 962 39
1457 919 1675 970 tamquam
1704 915 1801 958 inde
1831 915 1954 959 initia
1981 918 2127 971 gentis,
2146 918 2203 961 im·
2233 923 2427 974 reynutor
2456 921 2638 962 omniu-m
2669 921 2781 964 deus.

179 990 339 1045 Itaque
372 992 427 1034 de
460 991 588 1035 Livio
633 991 696 1034 sic
738 991 979 1036 iudicamus
1012 996 1091 1035 aut
1121 1003 1273 1035 omnes
1306 990 1424 1034 locos
1457 989 1742 1045 corrigendos
1775 1002 1874 1035 esse
1917 995 1996 1035 aut
2039 991 2204 1036 nullum
2236 1006 2318 1038 nec
2349 998 2519 1048 partem
2550 992 2783 1039 ferendam

178 1069 354 1118 partem
387 1063 675 1117 abiciendam,
701 1064 815 1107 sicut
848 1063 1031 1117 Madvig
1063 1074 1155 1103 cum
1187 1060 1408 1104 multitado
1440 1061 1478 1102 et
1509 1060 1598 1102 visa
1629 1063 1666 1101 et
1696 1059 1853 1102 clamor
1874 1060 2089 1103 accidisset
2119 1064 2344 1118 toleravit,
2377 1078 2433 1105 an
2464 1064 2684 1119 augustiae
2714 1078 2783 1106 m:-

179 1137 405 1186 superatae
435 1137 473 1175 et
505 1134 545 1174 in
579 1147 714 1187 aequa
745 1132 834 1174 loca
858 1133 1143 1186 pervenissent
1173 1147 1356 1189 prorsus
1389 1133 1498 1178 ferri
1530 1145 1659 1188 posse
1692 1133 1876 1188 negavit
1908 1145 2066 1188 ,neque
2109 1135 2226 1189 apud
2270 1136 2446 1182 Livium
2477 1150 2619 1191 neque
2664 1137 2787 1191 apud

187 1220 446 1261 quemquam
480 1213 587 1250 ante
620 1207 822 1250 Tacitum
871 1220 923 1250 ac
969 1207 1045 1250 vix
1088 1207 1205 1260 apud
1238 1219 1498 1260 quemquam
1530 1209 1708 1260 praeter
1739 1206 1881 1259 ipsum
1914 1205 2142 1261 Tucitum‘,
2177 1220 2357 1252 securus
2389 1209 2444 1253 de
2476 1209 2556 1262 eis,
2590 1222 2705 1263 quae
2736 1208 2783 1252 in

179 1279 331 1322 eodem
365 1278 581 1322 orationis
613 1278 796 1322 circuit-u
829 1280 957 1333 paulo
990 1283 1091 1332 post
1122 1279 1332 1333 leguntur
1363 1277 1508 1331 quanti
1533 1277 1785 1329 praeparati
1816 1279 2065 1318 commeatus
2096 1280 2133 1319 et
2162 1277 2271 1319 unde
2299 1277 2701 1333 supportarentur.¹)

400 1351 485 1393 ΙΙΙ.
552 1350 745 1393 Similem
779 1364 831 1393 ao
853 1348 1124 1401 pervim-endi
1157 1351 1338 1393 verbum
1371 1349 1653 1392 offensionem
1687 1349 1841 1392 habuit
1871 1349 1989 1403 apud
2020 1349 2252 1405 plerosque
2284 1348 2569 1392 obtinendi
2601 1353 2783 1396 verbum

176 1422 276 1466 Liv.
310 1420 383 1469 21,
417 1421 489 1476 46,
526 1421 592 1466 10.
659 1423 744 1466 Ubi
786 1436 883 1466 cum
927 1422 1100 1466 codices
1133 1422 1326 1465 melioris
1368 1425 1500 1465 notae
1546 1422 1789 1475 praebeant
1822 1421 1950 1464 haec:
1994 1421 2147 1462 servata·
2198 1419 2263 1476 (in
2297 1435 2446 1477 pugna
2476 1423 2699 1468 Ticinensi
2731 1425 2780 1468 P.

183 1494 378 1538 Cornelii
412 1493 651 1547 Scipionis)
684 1492 862 1535 consulis
895 1492 1017 1535 decus
1068 1490 1231 1534 Coelius
1272 1491 1330 1534 ad
1373 1506 1538 1535 servu-m
1579 1491 1742 1533 natione
1774 1491 1975 1546 Liyurem
2006 1492 2178 1548 delcqat.
2211 1493 2357 1536 uzalim
2397 1493 2586 1550 equidem
2617 1494 2667 1536 de
2695 1494 2787 1549 filio

178 1580 320 1607 verum
365 1579 464 1616 esse,
510 1565 622 1619 quod
665 1569 702 1607 et
737 1565 883 1618 plures
929 1564 1143 1606 tradidere
1174 1568 1361 1606 auctores
1390 1564 1465 1606 sed
1493 1567 1613 1618 fama
1645 1564 1829 1616 obtinuit,
1864 1572 1985 1610 recte
2017 1567 2119 1610 olim
2152 1568 2406 1613 necessaria
2437 1568 2653 1613 correctio
2686 1581 2781 1610 auc-

178 1641 287 1681 tores
331 1642 367 1680 et
409 1639 533 1692 fama
574 1637 651 1680 obt.
699 1640 901 1684 adhibita
933 1646 1002 1683 est
1045 1640 1238 1683 codicum
1282 1640 1461 1683 lectioni
1506 1652 1562 1682 ex
1608 1638 1783 1693 vulgari
1822 1639 2168 1694 interpolatione
2211 1646 2358 1695 natae,
2391 1654 2477 1696 qua
2521 1641 2692 1686 librarii
2734 1642 2785 1686 in

179 1726 376 1756 errorem
410 1712 577 1756 inducti
611 1713 831 1767 scriptura
864 1713 1073 1755 continua
1105 1746 1114 1755 .
1150 1746 1160 1756 .
1195 1746 1205 1755 .
1237 1711 1312 1752 sed
1342 1726 1419 1766 pro
1453 1746 1463 1756 .
1498 1746 1508 1756 .
1546 1745 1555 1755 .
1587 1723 1609 1752 s
1639 1714 1676 1751 et
1708 1711 1777 1755 hic
1808 1712 1898 1755 illic
1929 1713 2217 1767 reponebant,
2250 1713 2375 1756 velut
2408 1714 2512 1758 Tac.
2545 1725 2646 1758 ann.
2681 1711 2720 1768 6,
2751 1712 2786 1757 2.

182 1785 226 1828 in
262 1786 378 1828 Med.
400 1784 484 1825 alio
516 1783 590 1824 sed
621 1783 846 1824 honoribus
878 1798 957 1838 pro
991 1783 1100 1824 alios
1131 1786 1168 1823 et
1199 1783 1436 1832 honoribus,
1461 1785 1548 1826 Cic.
1583 1784 1683 1826 fam.
1721 1783 1760 1836 6,
1796 1783 1865 1837 14,
1899 1782 1926 1826 2
1960 1784 2005 1826 in
2027 1784 2143 1827 Med.
2163 1795 2255 1824 cum
2284 1783 2421 1836 fmtre
2451 1783 2526 1826 sed
2549 1783 2787 1838 propinqui

180 1870 260 1910 pro
309 1869 401 1898 cum
444 1856 603 1907 fratres
645 1858 682 1897 et
717 1855 961 1908 propinqui.
1011 1856 1108 1899 Liv.
1155 1855 1227 1909 21,
1262 1855 1333 1909 47,
1376 1856 1403 1898 5
1447 1857 1490 1898 in
1537 1857 1639 1899 Put.
1681 1858 1794 1895 utres
1833 1854 1908 1895 sed
1952 1855 2176 1896 multorum
2216 1869 2295 1910 pro
2336 1858 2449 1897 utres
2477 1859 2515 1897 et
2545 1856 2780 1908 multorum,

176 1929 282 1973 Tac.
317 1942 419 1972 ann.
453 1927 495 1981 2,
530 1927 588 1972 56
621 1928 667 1972 in
700 1929 815 1972 Med.
850 1927 1030 1980 inqeniis
1071 1926 1146 1968 sed
1187 1927 1272 1968 situ
1313 1942 1390 1981 pro
1437 1927 1614 1980 ingeniis
1654 1930 1691 1967 et
1720 1924 1858 1981 situ.²)
1923 1928 2010 1971 Sed
2041 1928 2259 1971 dissident
2290 1928 2558 1982 interpretes
2590 1929 2636 1972 in
2667 1930 2779 1972 rela-

175 2001 274 2044 tiva
306 2001 532 2044 sententia
564 2000 853 2054 expedienda,
888 2000 1165 2053 ambigentes
1197 2000 1385 2042 maxime
1417 2000 1471 2043 de
1505 2013 1612 2043 voce
1641 1998 1776 2052 sama,
1808 2012 1892 2053 quo
1925 2012 2029 2043 casu
2060 2000 2364 2055 intellegenda
2394 2001 2466 2044 sit.
2515 2001 2606 2044 Nec
2637 1999 2787 2045 defuit-

176 2072 252 2125 qui
296 2072 553 2115 mutandam
600 2072 843 2114 orationem
894 2078 1110 2115 censeret.
1190 2071 1275 2126 Qui
1316 2072 1559 2115 ablativum
1602 2084 1701 2115 esse
1743 2076 1961 2127 statuunt,
2002 2076 2266 2116 enarrantes
2308 2072 2430 2125 tama
2474 2070 2675 2114 traditum
2720 2073 2780 2114 est

177 2144 298 2197 (Liv.
323 2144 364 2197 5,
394 2143 465 2198 33,
488 2143 516 2187 2
546 2144 668 2196 fama
700 2142 895 2198 tradetur,
929 2143 1000 2197 27,
1023 2143 1094 2198 27,
1130 2142 1205 2196 13)
1239 2157 1419 2187 necesse
1455 2145 1619 2187 habent
1651 2157 1891 2198 pronomen
1922 2145 2158 2188 relativum
2190 2144 2235 2187 in
2268 2145 2410 2188 altera
2441 2150 2570 2198 parte
2603 2148 2784 2188 senten·-

176 2216 268 2259 tiae
302 2224 475 2269 quarto,
511 2216 554 2258 in
587 2217 732 2258 altera
777 2215 916 2269 primo
961 2229 1065 2258 casu
1104 2215 1317 2269 accipere.
1382 2216 1508 2271 Quod
1541 2222 1692 2259 notum
1725 2216 1900 2259 dicendi
1931 2228 2071 2271 genus
2104 2228 2190 2259 non
2234 2216 2446 2260 abhorret
2489 2231 2516 2260 a
2559 2216 2700 2271 Livio,
2736 2229 2775 2261 v.

178 2286 250 2338 40,
286 2287 354 2342 14,
387 2287 415 2331 8
448 2285 556 2328 illud
587 2283 698 2340 quod
726 2287 883 2340 fatetur
915 2290 953 2327 et
976 2286 1127 2339 palam
1159 2284 1280 2341 est³);
1324 2301 1424 2331 nam
1459 2288 1597 2331 Fabri
1638 2289 1787 2331 aliena
1819 2288 2057 2344 congessit.
2122 2288 2289 2332 Tamen
2327 2288 2514 2332 alteram
2547 2289 2780 2344 rationem,

178 2508 255 2545 Nec
283 2508 398 2544 aliter
425 2513 574 2553 poetae,
600 2506 708 2542 velut
734 2505 917 2541 Horatius
944 2516 1057 2543 carm.
1082 2505 1116 2548 2,
1145 2505 1177 2547 7,
1206 2505 1248 2540 11
1278 2515 1357 2539 cum
1389 2507 1515 2547 fracta
1556 2504 1670 2539 virtus
1703 2508 1736 2538 ct
1774 2504 1933 2537 ›tainum-es
1967 2507 2073 2545 turpe
2108 2501 2227 2536 solum
2259 2502 2409 2545 tetiyere
2444 2505 2562 2536 mento
2599 2503 2661 2539 vel
2686 2503 2785 2538 Ver--

180 2569 297 2614 gilius
324 2570 414 2604 Aen.
443 2568 476 2610 3,
503 2566 551 2601 53
576 2569 616 2600 ut
643 2574 730 2611 opes
752 2564 900 2609 fractae
930 2563 1108 2599 Teucrum
1135 2567 1169 2600 et
1196 2563 1369 2600 Fortuna
1393 2564 1552 2602 recessit.

398 2628 426 2670 ¹)
479 2628 533 2662 Cf.
563 2627 678 2662 etiam
705 2637 848 2669 versus,
876 2637 967 2670 qnos
993 2626 1185 2671 lergilius
1212 2626 1420 2671 composuit
1446 2627 1535 2662 Aen.
1565 2626 1597 2669 1,
1622 2626 1694 2662 516
1722 2636 1774 2669 sq.

1118 2685 1212 2719 nube
1237 2695 1331 2719 cava
1356 2684 1595 2729 speculantur
1620 2683 1758 2727 amicti,

614 2757 709 2791 quae
732 2747 887 2789 fortuna
916 2746 1004 2781 cie-123
1031 2747 1128 2789 (sit),
1156 2745 1310 2780 classem
1335 2757 1406 2790 quo
1431 2746 1540 2779 litore
1564 2745 1744 2788 le'mfltant,

475 2808 666 2844 luvenalis
692 2808 726 2851 3,
752 2807 799 2845 57
827 2817 879 2852 sq.

611 2878 705 2911 quae
730 2878 826 2901 nunc
851 2867 1029 2902 divitibus
1052 2876 1142 2911 yma
1168 2866 1425 2910 acceptissima
1452 2865 1586 2900 »vostris
1613 2865 1708 2907 (sit),

612 2932 645 2962 et
674 2938 765 2972 quos
785 2928 992 2971 praecipue
1013 2926 1171 2970 suyiam,
1193 2925 1406 2970 properabo
1429 2925 1555 2968 fateri.

391 2990 420 3033 2)
472 2990 654 3026 Confer-as
671 2989 797 3031 etiam,
815 2999 911 3033 quae
929 2988 1089 3024 diximus
1113 2988 1152 3023 in
1179 2986 1461 3029 dissertatione,
1478 2996 1574 3030 quae
1591 2982 1827 3021 inscribitur:
1856 2983 2105 3028 Quaestiones
2124 2983 2280 3019 criticae
2307 2989 2347 3019 et
2371 2979 2707 3028 palaeographicae
2734 2980 2786 3017 de

178 3051 452 3088 vetustissimis
478 3050 667 3087 codicibus
693 3049 866 3087 Livianis
893 3048 1075 3091 (Berolini
1104 3048 1214 3089 1885)
1241 3059 1276 3094 p.
1302 3046 1349 3083 59
1374 3059 1409 3084 n.
1438 3047 1470 3083 1.

233 3112 238 3118 “
390 3112 420 3154 ³)
472 3112 576 3156 Quod
610 3112 818 3156 exemplum
853 3110 1060 3145 addendum
1097 3114 1158 3145 est
1183 3109 1250 3151 eis,
1276 3118 1371 3153 quae
1396 3106 1552 3153 Madvig
1577 3116 1659 3153 opp.
1688 3105 1791 3142 acad.
1819 3104 1868 3149 II,
1897 3103 1965 3141 177
1991 3108 2032 3140 et
2057 3108 2250 3140 comment.
2278 3102 2325 3139 ad
2351 3101 2432 3139 Cic.
2454 3100 2498 3138 de
2524 3100 2585 3138 fin.
2611 3099 2645 3145 ὃ,
2671 3100 2706 3145 9,
2732 3099 2789 3138 26.

172 3187 207 3220 p.
234 3172 323 3209 650³
350 3180 390 3209 et
407 3174 579 3218 Draeger
604 3177 704 3218 synt.
730 3172 818 3207 hist.
837 3172 905 3206 lat.
923 3171 980 3206 11²·
1005 3169 1126 3215 3481,
1147 3171 1165 3206 1
1186 3181 1220 3215 p.
1239 3169 1312 3205 509
1338 3168 1577 3204 contulerunt
1603 3173 1643 3203 et
1669 3172 1826 3212 possunt
1851 3165 1938 3201 aliis
1964 3165 2108 3211 augeri,
2133 3165 2242 3200 velut
2265 3164 2354 3200 Tac.
2381 3162 2470 3200 dial.
2494 3161 2518 3198 8
2543 3160 2641 3206 quod
2663 3170 2739 3196 non
2754 3169 2790 3194 a·

160 3234 344 3279 principe
374 3235 595 3276 cve-cepenmt
617 3242 684 3266 uec
710 3231 834 3275 accipi
853 3231 986 3274 possit,
1013 3231 1135 3266 Germ.
1151 3231 1197 3265 18
1214 3239 1307 3273 quae
1323 3239 1438 3262 nurus
1464 3227 1653 3271 accipiant
1671 3236 1868 3270 rursusque
1893 3225 1946 3259 arl
1970 3228 2118 3269 nepotes
2130 3224 2348 3268 reserantur,
2363 3224 2445 3261 Seu.
2465 3228 2612 3268 tranqu.
2628 3233 2687 3259 an.
2704 3221 2740 3265 8,
2756 3220 2790 3256 94
