2997 3690
2722 190 2791 240 13

204 339 269 380 -ub
314 338 467 395 viqiliis
513 341 563 380 st.
612 349 660 391 c.,
709 336 823 391 quod
869 349 952 390 quo
999 337 1137 380 distet
1177 350 1203 379 a
1242 334 1346 386 fessi
1385 348 1527 376 somno
1559 349 1608 376 ac
1649 334 1817 390 viyiliis,
1860 349 1996 391 aegre
2029 335 2274 389 perspicias
2307 333 2380 389 (cf.
2415 336 2547 379 etiam
2580 335 2621 389 ὃ,
2656 334 2727 389 48,
2762 334 2789 379 6

203 411 415 452 exercitus
444 407 691 452 stationibus
721 407 876 461 ve'qiliis
904 407 1072 462 sessus),
1105 409 1182 449 Fr.
1205 409 1296 450 Leo
1329 422 1383 449 m.
1417 409 1501 450 Rh.
1535 407 1604 460 35,
1636 406 1724 450 242
1754 407 1856 458 fessi
1879 439 1888 448 .
1913 440 1922 449 .
1948 439 1957 449 .
1980 420 2121 448 somno
2153 420 2203 447 ac
2232 406 2300 447 via
2332 404 2416 468 ilk‘s
2444 409 2632 448 sternunt
2663 421 2790 459 corp„

211 484 290 529 ubi
336 485 451 540 quod
496 480 581 523 illis
629 482 878 536 significare
928 483 1024 525 vult
1069 481 1112 521 in
1161 479 1244 520 illis
1289 480 1419 533 (tyria,
1464 481 1651 523 sermoni
1683 494 1862 534 prorsus
1899 488 2130 534 repugnat,
2162 478 2367 532 Zingerle
2400 475 2682 531 Sitzunysber,
2716 476 2790 520 der

226 554 394 599 Wiener
424 551 656 596 Akademie
693 552 917 606 plait-hist.
968 551 1112 594 Classe
1157 551 1241 595 101
1291 550 1351 605 (a.
1386 551 1520 604 1882)
1552 566 1592 607 p.
1626 551 1712 594 561
1760 553 2087 605 transponendo
2126 549 2229 602 fessi
2269 550 2423 602 vigiliis
2467 565 2518 592 ac
2550 563 2704 604 somno,
2738 558 2788 594 ut

210 641 289 673 res
320 637 592 680 consequens
633 627 921 681 posteriorem
966 627 1105 668 locum
1138 625 1372 676 obtineret,
1421 624 1475 666 cf.
1508 630 1654 666 tamen
1687 624 1796 666 illud
1827 620 1937 676 ὕπνῳ
1967 624 2033 661 καὶ
2064 621 2236 677 καμάτῳ
2269 620 2472 675 ἀρήμενος
2504 630 2550 667 et
2582 624 2682 667 Liv.
2716 621 2785 667 26.

205 700 286 757 44,
319 699 346 743 9
377 699 421 737 in
451 696 622 737 vulnera
654 710 703 737 ac
733 696 812 737 tela
844 697 1026 750 (ferrum
1057 695 1129 749 28,
1163 695 1234 745 22,
1268 694 1343 748 14)
1374 699 1511 735 ruunt.

429 772 591 814 Lucius
634 771 886 826 Septimius,
936 782 1062 822 quem
1104 770 1230 811 modo
1276 770 1599 821 advocavimus,
1639 769 1893 811 memoriam
1934 775 2110 811 revocat
2150 769 2235 812 loci
2281 768 2460 813 Liviani
2505 784 2591 813 non
2642 767 2784 812 minus

211 844 443 899 praeclara
485 856 612 898 quam
657 843 748 884 leni
780 842 995 895 Madvigii
1037 843 1344 884 emendatione
1376 842 1421 883 in
1454 842 1673 893 integrum
1718 841 1930 892 restituti,
1965 855 2104 892 quam,
2139 855 2232 883 cum
2266 855 2406 894 nuper
2439 840 2657 883 dubitatio
2691 845 2789 883 orta

205 918 286 970 sit,
319 916 513 959 fortasse
547 914 748 969 Septimii
780 914 1036 967 quibusdam
1068 914 1217 957 verbis
1250 914 1453 957 stabilire
1486 913 1716 967 contingit.
1782 912 1960 955 Scilicet
1993 912 2092 955 libri
2125 909 2288 967 26,36,
2313 912 2365 956 11
2392 916 2493 966 post
2517 912 2575 956 M.
2600 911 2787 956 Laevini

209 990 404 1032 consulis
438 988 680 1031 orationem
712 987 765 1029 de
797 987 984 1040 pecunia
1013 987 1058 1029 in
1091 988 1276 1029 classem
1320 986 1560 1040 parandam
1606 985 1876 1029 conferenda
1908 999 2002 1028 cum
2037 986 2143 1029 haec
2175 986 2218 1029 in
2253 985 2474 1029 codicibus
2506 985 2786 1040 legerentur:

199 1063 356 1101 ..senatu
388 1058 485 1099 *inde
515 1058 641 1098 misso
665 1071 748 1109 pro
783 1070 826 1097 se
869 1057 1041 1110 quisque
1078 1071 1230 1098 aurum-
1274 1060 1311 1098 ct
1350 1060 1566 1111 argentum
1612 1059 1649 1098 et
1691 1070 1762 1097 aes
1803 1057 1848 1097 in
1880 1055 2096 1109 publicum
2136 1056 2357 1110 conferunt,
2411 1059 2522 1098 tanto
2567 1056 2788 1098 certamine

210 1132 369 1181 iniecto,
411 1133 469 1171 ut
500 1130 690 1182 prima
735 1133 795 1170 ut
839 1130 978 1171 inter
1010 1130 1227 1183 primos
1268 1129 1436 1171 nomina
1472 1143 1551 1171 sua
1593 1127 1738 1170 vellent
1774 1128 1816 1170 in
1851 1127 2032 1181 publicis
2079 1127 2230 1170 tabulis
2260 1142 2356 1183 esse,
2402 1131 2447 1169 ut
2477 1141 2546 1170 nec
2578 1127 2787 1169 &amiciri

200 1200 454 1255 *accipiundo
485 1214 556 1243 nec
584 1201 742 1243 scribae.
772 1201 994 1255 referundo
1025 1202 1270 1257 sufficerent,
1320 1203 1503 1258 Madvig
1536 1216 1617 1246 em.
1650 1202 1750 1247 Liv.
1785 1216 1825 1256 p.
1861 1198 1969 1245 385²
1999 1202 2164 1245 reiecta
2195 1202 2380 1255 vulgata
2424 1202 2613 1245 lectione
2645 1213 2783 1254 aeque

201 1288 343 1319 sensu
375 1273 591 1317 destituta
611 1270 679 1325 (ut
701 1272 848 1326 prima
880 1276 923 1313 ui
956 1273 1061 1314 inter
1094 1272 1260 1326 primos·
1290 1287 1330 1315 11.
1353 1274 1411 1327 s.)
1434 1287 1520 1317 una
1553 1274 1707 1318 littera
1739 1274 1964 1328 duplicata
1995 1273 2270 1317 scribendum
2305 1274 2475 1316 censuit
2507 1276 2577 1323 ,ut
2600 1272 2699 1324 pri
2710 1284 2787 1311 ma

200 1346 309 1386 -aut
339 1343 490 1386 inter
513 1344 732 1397 primos
765 1343 932 1386 nomina
963 1346 1054 1386 31111ι
1087 1349 1171 1390 cet.
1236 1345 1374 1402 Quam
1409 1346 1669 1401 scripturam
1703 1346 1747 1389 in
1781 1347 2016 1389 verborum
2051 1346 2244 1388 ordinem
2278 1352 2539 1399 receperunt
2563 1344 2788 1386 Weissen-

212 1418 322 1460 born
355 1414 523 1470 (1871),
557 1417 707 1461 Herm.
741 1418 840 1461 Joh.
876 1422 920 1461 et
964 1419 1105 1462 Maur.
1153 1418 1369 1472 Muelleri,
1413 1418 1630 1473 Zingerle,
1677 1418 1837 1472 LuchS,
1875 1417 2009 1460 etiam
2043 1417 2377 1460 Friedersdorff.
2442 1418 2525 1459 Hic
2558 1422 2705 1459 tamen
2738 1416 2782 1458 iu

202 1488 449 1543 appendice
482 1488 637 1531 critica
679 1488 886 1532 editionis
918 1489 1020 1532 libri
1065 1488 1121 1533 26
1156 1503 1195 1543 p.
1231 1488 1317 1533 114
1362 1490 1606 1543 scrupulum
1651 1490 1801 1543 movit,
1837 1494 2058 1542 tamquam
2092 1501 2243 1543 parum
2276 1489 2505 1543 perspicuo
2539 1488 2788 1530 discrimine

198 1560 379 1605 -distent
402 1560 548 1613 prima
579 1560 743 1601 ¹nomina
778 1568 824 1604 et
854 1560 958 1601 inter
982 1561 1147 1613 primos
1179 1561 1373 1601 nomina:
1396 1561 1570 1616 proprie
1602 1561 1714 1605 enim
1750 1561 1926 1604 nonnisi
1958 1574 2089 1603 unum
2114 1573 2269 1604 nomen
2293 1559 2484 1611 primum
2516 1572 2612 1603 esse
2644 1572 2787 1613 posse,

205 1634 446 1681 secundum
479 1640 524 1677 et
558 1635 736 1677 tertium
771 1634 856 1677 iam
889 1632 993 1674 inter
1016 1633 1179 1686 primos
1212 1647 1321 1687 esse,
1355 1634 1420 1677 ita
1452 1642 1500 1677 ut
1533 1639 1755 1678 certamen
1788 1634 1834 1676 in
1866 1647 1919 1677 eo
1952 1639 2171 1678 versetur.
2205 1636 2248 1672 ut
2280 1645 2401 1673 suum
2432 1632 2603 1686 quisque
2634 1644 2777 1671 nomen

192 1755 194 1757 ‚
201 1705 391 1757 primum
422 1704 536 1746 vellet
568 1718 653 1746 csse
684 1705 726 1745 in
759 1704 922 1755 tabulis,
955 1707 1039 1760 vel,
1075 1707 1112 1749 si
1145 1708 1198 1750 de
1243 1708 1439 1760 pluribus
1484 1712 1656 1761 agatur,
1691 1708 1736 1746 ut
1769 1705 1871 1746 inter
1896 1705 2062 1758 primos
2092 1718 2170 1746 sua
2202 1705 2369 1746 nomina
2402 1704 2555 1748 vellent.
2620 1706 2777 1758 Itaque

204 1777 499 1831 suspicionem
535 1778 639 1821 iacit
684 1778 792 1821 duas
825 1778 1036 1822 lectiones
1070 1779 1243 1822 iunctas
1288 1779 1439 1823 habe1i
1484 1781 1525 1819 ut
1548 1779 1694 1831 prima
1744 1786 1789 1822 et
1821 1780 1864 1818 ut
1895 1778 2001 1818 inter
2025 1778 2192 1830 primos
2223 1791 2459 1832 earumque
2492 1777 2779 1831 posteriorem

209 1862 360 1892 veram
403 1862 513 1903 esse,
562 1849 663 1893 olim
703 1850 951 1905 corrigendi
990 1864 1122 1894 causa
1165 1864 1294 1906 supra
1340 1865 1512 1894 versum
1561 1851 1782 1905 scriptam.
1860 1852 1920 1893 At
1963 1852 2090 1893 nobis
2135 1851 2311 1893 nimium
2357 1851 2402 1893 in
2451 1850 2781 1904 grammaticam

206 1921 422 1963 orationis
454 1921 635 1964 formam
671 1922 846 1964 videtur
878 1923 947 1965 vir
979 1923 1133 1966 doctus
1166 1924 1398 1976 inquirere.
1464 1925 1572 1967 Nam
1603 1923 1751 1976 prima
1781 1925 1853 1963 aut
1884 1922 1989 1962 inter
2013 1921 2178 1973 primos
2219 1922 2398 1970 nomina,
2445 1923 2560 1975 quod
2593 1923 2783 1965 nondum

208 1991 465 2034 adnotatum
490 1992 630 2046 video,
655 1994 709 2035 ad
736 2006 831 2036 eum
853 1992 945 2036 fere
969 1994 1136 2037 niodum
1163 1996 1371 2048 scriptum
1395 2002 1475 2049 est.
1509 2009 1591 2049 quo
1616 1995 1851 2050 Septimius
1876 1995 1972 2048 eph.
1998 1995 2037 2036 b.
2063 1994 2178 2037 Troi.
2203 1992 2242 2047 2,
2269 1992 2295 2036 3
2319 1994 2511 2046 loquitur
2533 1995 2586 2036 de
2611 1994 2783 2035 Achille

207 2068 254 2105 et
286 2064 420 2111 Aiace
466 2064 521 2103 ita
565 2065 675 2104 omni
718 2063 839 2105 modo
875 2065 1046 2116 primi
1085 2070 1180 2105 aut
1225 2066 1374 2107 inter
1414 2081 1445 2118 1»
1462 2066 1509 2107 ri
1522 2080 1631 2108 11103
1676 2065 1867 2107 bellantes
1903 2063 2173 2118 praeclaram
2216 2065 2302 2106 iam
2347 2067 2432 2105 tum-
2476 2065 2639 2106 virtutis
2682 2077 2784 2106 suae

207 2136 371 2186 samam
415 2136 530 2187 apud
562 2136 694 2178 hosts-s
726 2141 846 2190 atque
880 2139 981 2179 inta-
1012 2151 1110 2178 suos
1141 2138 1304 2189 ‘fies-ere
1337 2136 1470 2192 (quod
1518 2154 1570 2183 ne
1615 2139 1753 2194 ipsum
1799 2139 1984 2193 quidem,
2030 2151 2124 2183 cum
2157 2138 2210 2182 de
2253 2137 2422 2183 duobus
2456 2142 2574 2182 certe
2608 2142 2781 2193 agatur,

207 2207 547 2252 Friedersdorffi
580 2209 824 2252 rationibus
858 2207 1086 2264 convenit)
1120 2208 1355 2254 imitatus¹>
1390 2211 1587 2255 Sallustii
1619 2212 1673 2255 de
1706 2212 1922 2266 Iugurtha
1954 2211 2090 2254 verba
2122 2224 2156 2253 c.
2193 2209 2232 2263 6,
2271 2210 2290 2253 1
2327 2208 2480 2250 leonem
2522 2213 2643 2263 atque
2674 2208 2786 2252 cilius

202 2279 323 2329 feras
358 2279 568 2331 primus
599 2283 696 2321 11111
726 2281 741 2320 i
752 2295 776 2321 11
801 2295 836 2333 11
849 2296 869 2321 r
884 2282 897 2323 ι’
910 2297 947 2322 m
961 2283 1011 2324 is
1041 2283 1178 2333 ferire.
1242 2283 1386 2338 Quare
1419 2284 1578 2327 110110111
1612 2284 1844 2337 quidquam
1880 2284 2138 2327 detractum.
2203 2284 2295 2327 Iam
2331 2296 2436 2327 vero
2470 2289 2657 2337 apparet
2699 2297 2784 2327 11011

195 2356 325 2395 ‘recte
360 2351 769 2396 Friedersdorffium
803 2368 968 2409 negare
1002 2355 1164 2399 certari
1197 2361 1365 2399 tantum
1400 2355 1594 2409 potuisse
1616 2357 1660 2395 ut
1680 2367 1801 2395 suum
1834 2355 2004 2408 quisquc
2024 2367 2170 2396 women
2193 2355 2381 2408 primum
2416 2355 2528 2397 vellet
2560 2356 2600 2396 in
2635 2355 2786 2397 tabulis

193 2435 304 2476 csse,
342 2423 474 2486 *immo
507 2425 662 2478 potuit,
704 2426 748 2464 ut
787 2437 906 2465 suum
941 2426 1111 2479 quisquc
1150 2438 1291 2466 women
1323 2426 1560 2479 primum
1603 2430 1700 2468 aut
1741 2428 1852 2480 (cum
1896 2428 1939 2471 id
1985 2428 2059 2471 uni
2106 2432 2277 2471 tantum
2323 2429 2583 2484 contingere
2617 2436 2783 2483 posset.

203 2492 383 2550 saltem)
422 2495 572 2537 inter
609 2496 757 2549 prim
774 2511 798 2538 11
846 2499 939 2542 sive
988 2499 1129 2543 mavis
1169 2502 1213 2539 ut
1253 2511 1298 2540 sc
1341 2499 1512 2552 quisque
1545 2499 1690 2552 prim
1705 2513 1784 2540 11111-
1825 2501 1909 2540 aut
1951 2499 2101 2540 inter
2135 2500 2352 2552 primos
2399 2499 2512 2541 vellet
2550 2501 2594 2541 in
2634 2500 2787 2542 tabulis

202 2580 301 2609 esse.
365 2569 427 2612 Et,
460 2570 539 2613 hoc
571 2577 647 2613 aut
680 2570 754 2614 illo
787 2572 913 2615 modo
946 2572 1192 2615 accuratius
1226 2585 1331 2616 sane
1365 2573 1500 2616 verba
1547 2572 1844 2617 efferebantur
1877 2573 2090 2626 simulque
2123 2574 2265 2616 altera
2298 2574 2615 2629 Madvigianae
2650 2575 2784 2628 scrip-

203 2642 329 2684 turae
363 2638 600 2685 difficultas
631 2641 883 2697 tollebatur,
918 2655 1031 2698 quae
1056 2643 1382 2687 Luterbachero
1408 2643 1503 2687 visa
1536 2650 1605 2687 est
1636 2644 1681 2687 in
1713 2644 1891 2687 variata
1921 2656 2001 2699 per
2025 2643 2173 2695 prima
2206 2650 2252 2687 ct
2284 2644 2389 2684 inter
2415 2646 2580 2697 primos
2613 2646 2778 2685 nomina

197 2712 414 2757 oratione.
459 2712 544 2758 Sed
567 2714 680 2768 quod
704 2714 742 2758 is
765 2727 863 2759 nov.
889 2728 989 2759 ann.
1014 2715 1116 2770 phil.
1142 2715 1338 2760 CXXXI
1359 2728 1400 2770 p.
1426 2714 1511 2759 614
1544 2717 1640 2760 ideo
1673 2717 1840 2760 mavult
1863 2718 1907 2755 nt
1920 2716 1996 2768 pri
2009 2715 2076 2755 mi
2109 2719 2181 2756 aut
2202 2716 2308 2756 intcr
2331 2718 2498 2770 primos
2518 2719 2685 2758 nomina
2707 2731 2783 2758 sua

423 2869 450 2912 ¹)
500 2868 764 2915 Fragmentum
804 2869 972 2906 Sallustii
1011 2870 1097 2906 hist.
1124 2871 1187 2910 IV,
1216 2871 1262 2906 66
1288 2871 1351 2906 Kr.
1383 2871 1445 2914 (65
1462 2871 1522 2914 D.)
1550 2871 1594 2905 ab
1621 2871 1806 2906 Arusiano
1834 2871 1876 2906 G.
1903 2871 1944 2906 L.
1971 2872 2015 2906 K.
2043 2872 2096 2906 VI
2122 2883 2155 2917 p.
2183 2872 2265 2914 487,
2294 2874 2338 2907 19
2365 2878 2553 2907 servatum
2580 2872 2783 2915 infrequen-

200 2931 277 2961 tem
301 2928 495 2963 stationem
521 2932 682 2962 nostram
710 2929 1002 2973 incuriosamque
1028 2933 1122 2964 tam
1159 2931 1205 2964 ab
1231 2931 1355 2973 armis,
1383 2932 1443 2976 qui
1471 2932 1671 2966 contulerit
1697 2942 1777 2965 cum
1802 2932 1928 2966 verbis
1955 2932 2127 2976 Septimii
2153 2932 2187 2974 2,
2215 2932 2260 2967 42
2294 2931 2390 2965 Grai
2414 2932 2659 2974 infrequentes
2686 2936 2735 2965 tu
2751 2943 2781 2964 m

200 2988 451 3032 incuriosique
476 2988 522 3022 ab
549 2990 673 3031 armis,
701 2991 799 3034 apud
832 2990 1044 3026 Sallustium
1080 3002 1125 3027 ex
1152 2992 1381 3037 superiorum
1409 2992 1618 3027 criticorum
1645 2992 1835 3027 sententia
1870 2995 1946 3025 tum
1973 3004 2038 3037 pro
2078 2994 2166 3035 tam,
2200 3004 2272 3028 non
2308 2991 2393 3034 iam,
2426 2992 2521 3035 quod
2555 2992 2678 3027 Keilio
2704 2991 2727 3027 l.
2755 3004 2784 3028 c.

202 3048 345 3084 rectius
368 3050 530 3092 videtur,
557 3055 732 3094 reponet;
771 3050 815 3086 cf.
852 3051 966 3086 etiam
998 3051 1043 3087 fr.
1071 3051 1140 3095 ΙΙΙ,
1167 3052 1213 3088 ‘72
1240 3053 1305 3087 Kr.
1333 3052 1419 3094 (inc.
1445 3051 1492 3087 25
1518 3051 1576 3093 D.)
1608 3050 1775 3084 invasere
1803 3051 1971 3094 patentis
2004 3055 2099 3085 tum
2146 3054 2179 3085 et
2206 3053 2316 3094 pacis
2348 3049 2455 3085 modo
2491 3051 2626 3093 effusas
2658 3050 2783 3095 m·bes;

203 3111 369 3143 ceterum
393 3107 599 3142 incuriosus
625 3107 670 3142 ab
697 3108 811 3143 armis
835 3110 901 3146 vix
926 3116 1029 3148 recte
1055 3111 1210 3147 Dietsch
1236 3111 1511 3157 iuterpretatur
1536 3110 1742 3146 incuriosus
1767 3110 1875 3146 modo
1896 3111 2034 3155 positis
2060 3112 2184 3153 armis,
2204 3112 2330 3158 potius
2356 3122 2450 3147 nove
2478 3111 2615 3146 dictum
2634 3112 2785 3146 videtur

203 3179 270 3213 pro
297 3177 445 3203 securus
478 3169 524 3203 ab
551 3169 675 3205 armis.
725 3170 851 3206 Etiam
878 3177 938 3207 sat
966 3172 1087 3218 ampla
1114 3172 1326 3218 fragment-a
1358 3173 1526 3208 Sallustii
1564 3172 1806 3208 historiarum
1833 3183 1878 3208 ex
1907 3172 2031 3208 codice
2058 3171 2320 3208 Aurelianensi
2347 3171 2587 3216 palimpsesto
2615 3172 2781 3217 proxime

196 3228 467 3264 -ab-Edmundo
504 3230 668 3266 Haulero
704 3235 898 3276 protracta
926 3232 1142 3277 Septimium
1178 3233 1408 3268 imitatorem
1445 3233 1657 3277 illustrant3
1696 3233 1741 3267 cf.
1778 3232 1865 3267 Sall.
1898 3232 1984 3267 hist.
2012 3233 2050 3267 II
2075 3233 2154 3268 rell.
2182 3233 2248 3267 col.
2276 3232 2319 3273 X,
2346 3232 2379 3266 9.
2408 3232 2453 3267 10
2479 3233 2516 3267 in
2543 3232 2693 3268 Iordani
2722 3234 2779 3268 ed.

204 3289 264 3325 ΠΙ
290 3288 341 3335 (p.
369 3289 453 3332 131)
480 3288 576 3323 inter
601 3300 692 3334 quae
718 3290 863 3335 trepida
892 3305 934 3321 =
963 3292 1063 3338 Sept.
1090 3292 1122 3335 2,
1143 3293 1189 3328 43
1217 3299 1253 3329 et
1280 3294 1311 3331 3.
1340 3293 1361 3328 6
1388 3292 1484 3326 inter
1510 3301 1602 3336 quae
1629 3295 1704 3326 tum
1732 3291 1889 3336 trepida.
