2997 3690
2747 203 2785 251 3

205 351 351 396 dehinc
381 352 481 407 quia
514 349 678 394 duritia
719 350 823 394 caeli
863 351 1114 406 militiaeque
1150 351 1271 396 multi·
1300 350 1617 394 abnuebant
1647 349 1976 403 deserebausqaeae,
2027 348 2256 391 remedium
2300 349 2514 390 severitate
2558 348 2791 402 quaesitum

198 428 273 481 est,
300 430 347 471 et
376 424 571 481 priorum
604 428 650 468 et
681 423 832 469 horum
864 429 1120 481 temporum,
1151 428 1367 479 quotquot
1397 423 1583 479 inspexi,
1616 422 1814 469 editores
1844 435 1899 467 ex
1931 421 2112 477 reliquis
2144 421 2267 466 codd.
2301 418 2466 461 duritia
2484 432 2527 461 m
2558 418 2791 461 abnuebant

199 500 507 556 reposueruut.
577 495 702 552 Quod
743 495 871 542 facile
911 496 1245 544 condonandum
1289 500 1389 540 erat
1435 494 1736 551 superioribus
1779 492 1944 539 criticis
1985 494 2059 538 vel
2097 506 2162 549 e0,
2204 493 2319 548 quod
2359 492 2603 538 Mediceum
2635 505 2790 548 pamm

199 571 440 626 diligenter
460 580 691 613 excussum
721 569 956 615 habebant.
1020 569 1109 613 Sed
1137 572 1242 623 post
1273 571 1523 612 accuratam
1554 566 1657 610 libri
1689 567 1859 621 egregii
1889 567 2124 611 lectionum
2155 566 2531 621 perscriptionem,
2565 577 2679 619 quae
2709 566 2792 608 boc

198 643 370 686 demum
413 640 590 682 saeculo
632 640 842 685 instituta
883 640 1130 684 innumeris
1166 638 1276 681 locis
1318 639 1555 691 pristinum
1599 639 1876 692 splendorem
1922 639 2130 681 Taciteae
2178 637 2370 680 orationi
2413 637 2620 689 reddidit,
2655 637 2790 679 miror

197 716 296 757 illo.
319 714 415 755 loco
458 718 652 766 spretum
694 714 741 758 id
782 727 897 763 esse,
940 725 1048 765 prae
1091 725 1176 764 quo
1220 712 1406 764 vulgata
1450 713 1626 754 omnino
1686 712 1879 761 sordeat,
1924 711 2051 754 immo
2094 724 2360 754 communem
2409 712 2608 752 redoleat
2654 711 2790 751 inter-

198 785 479 840 polationem.
521 786 631 830 Nam
652 786 812 838 nequid
834 785 977 828 dicam
1009 784 1064 827 de
1096 783 1279 827 ablativi
1314 797 1394 826 usu
1416 783 1569 826 Tacito
1591 798 1802 837 perquam
1823 782 2031 826 familiari
2054 790 2099 826 et
2120 785 2165 826 in
2191 798 2275 836 quo
2299 784 2435 826 multo
2457 784 2636 825 duriora
2658 796 2791 825 ausus

199 862 284 912 est,
307 855 410 901 vide
438 856 500 901 sis
522 871 563 901 v.
586 871 636 910 g.
652 855 846 900 eiusdem
879 854 981 899 libri
1002 869 1037 899 c.
1064 853 1120 900 16
1142 855 1370 913 postquam
1388 852 1592 906 fervore
1622 851 1864 909 (potionem
1897 854 2198 908 Britannicus)
2229 851 2542 909 aspernabatur
2563 878 2606 893 =
2614 854 2790 905 propter

194 928 411 985 fervorem,
457 929 555 984 quis
601 941 690 973 non
737 927 874 973 sentit
919 927 1147 983 praeclare
1193 925 1395 982 componi
1425 925 1594 971 infinite
1625 926 1706 971 illa
1737 926 1821 971 duo
1853 923 2085 967 abnuebant
2115 924 2462 980 deserebantque‘?
2526 926 2614 971 Sed
2646 924 2788 980 magis

197 1002 442 1048 mirandum
481 1005 550 1045 est
594 1000 906 1056 Nipperdeium
951 1013 1007 1044 ne
1049 1000 1094 1043 in
1139 1000 1324 1056 vulgata
1355 999 1528 1054 quidem
1569 999 1801 1054 scriptura,
1847 1012 1974 1053 quam
2017 999 2227 1054 sequitur,
2261 997 2475 1040 deserendi
2507 999 2631 1042 verbi
2664 1012 2790 1042 usum

197 1074 460 1127 absolutum,
494 1085 621 1127 quem
653 1079 742 1117 tam
773 1073 885 1116 bene
917 1076 1201 1127 cognoverat,
1234 1084 1479 1127 agnoscere
1512 1072 1590 1115 sed
1621 1069 1825 1112 duritiam
1854 1071 2015 1115 iterum
2047 1084 2101 1115 eo
2131 1071 2311 1115 referre.

412 1145 472 1189 II.
525 1145 714 1199 Magnae
747 1143 977 1189 offensioni
1007 1144 1092 1189 fuit
1123 1144 1233 1188 viris
1266 1143 1408 1188 doctis
1433 1156 1496 1196 pe
1509 1143 1690 1185 rvince
1703 1141 1794 1183 ndi
1816 1145 1999 1187 verbum
2019 1157 2116 1187 cum
2138 1144 2308 1187 obiecto
2331 1143 2557 1198 personali
2588 1143 2798 1186 coniunc-

198 1225 290 1263 tum
335 1218 509 1261 adnexa
539 1232 618 1270 per
660 1219 706 1257 ut
747 1218 972 1261 sententia
1014 1218 1060 1260 in
1100 1217 1170 1261 his
1215 1217 1335 1261 Livii
1378 1217 1529 1259 verbis
1573 1215 1644 1264 42,
1690 1216 1760 1268 45,
1804 1215 1832 1259 4
1876 1214 1948 1267 qui
1991 1214 2351 1270 (Hegesilochus)
2408 1230 2500 1256 cum
2541 1215 2587 1255 in
2627 1229 2789 1255 summo

197 1289 448 1343 magistratu
478 1292 592 1339 esset,
617 1288 757 1331 multis
788 1286 1082 1342 orationibus¹)
1108 1290 1416 1341 pervicerat
1438 1287 1686 1337 Rhodios,
1711 1290 1766 1329 ut
1789 1288 1948 1330 omissa
1970 1302 2114 1341 reyum
2143 1287 2415 1340 fovendorum
2444 1301 2518 1341 spe
2550 1287 2790 1329 Romanam

194 1359 428 1402 societatem
456 1360 687 1406 retinerent.
749 1362 1017 1406 Insolentem
1049 1361 1312 1406 locutionem
1346 1361 1665 1405 Drakenborch
1697 1375 1793 1404 cum
1826 1366 2041 1416 notasset,
2064 1361 2317 1405 mutandum
2349 1361 2520 1404 censuit
2545 1362 2790 1412 pervicerat,

198 1431 358 1475 Rhodii
388 1435 432 1474 ut
449 1466 458 1475 .
478 1466 487 1475 .
505 1465 515 1475 .
533 1433 763 1478 retinerent.
805 1434 944 1490 Quam
966 1434 1264 1479 coniecturam
1291 1433 1476 1489 Madvig
1501 1437 1685 1489 propter
1711 1434 1944 1478 verborum
1968 1430 2191 1489 pravam²)
2216 1434 2547 1479 collocationem
2570 1434 2725 1477 reiecit
2746 1438 2790 1476 et

201 1505 310 1561 ipse,
339 1519 433 1550 cum
463 1506 791 1550 emendationes
813 1506 1026 1550 Livianas
1053 1507 1238 1561 primum
1264 1506 1503 1561 emitteret,
1521 1503 1780 1558 perduxerat
1804 1503 1994 1547 Rhodios
2023 1504 2084 1561 (p.
2111 1504 2242 1559 536),
2268 1507 2313 1550 in
2343 1507 2486 1550 altera
2512 1506 2707 1550 editione
2730 1503 2789 1560 (p.

198 1576 284 1620 647
318 1576 402 1631 sq.)
435 1576 582 1633 potius
604 1576 841 1629 pervicerat
869 1575 988 1629 apud
1018 1575 1207 1618 Rhodios
1237 1578 1472 1632 legendum
1505 1577 1792 1632 existimavit,
1825 1578 1948 1621 cuius
1981 1579 2178 1623 rationes
2225 1578 2486 1621 emendandi
2522 1582 2789 1631 exceperunt

198 1649 514 1692 Weissenborn
537 1654 584 1692 et
606 1649 781 1693 Harant
804 1646 852 1701 (l.
876 1663 912 1692 c·
937 1647 1057 1702 248),
1080 1650 1154 1693 ille
1168 1647 1415 1702 perpulerat
1440 1647 1525 1690 Ra.
1559 1655 1783 1703 tamquam
1815 1663 1870 1692 ex
1902 1650 2256 1694 Drakenborchii
2289 1650 2515 1693 sententia
2545 1650 2696 1702 edenS,
2723 1650 2792 1692 hic

187 1720 425 1772 pervicerat
456 1718 515 1760 ad
545 1718 630 1762 Rh.
663 1734 924 1775 proponens.
987 1723 1134 1775 Atque
1166 1722 1246 1765 hos
1278 1721 1451 1774 quidem
1485 1720 1704 1775 Madvigii
1735 1715 2001 1765 auctoritate
2034 1730 2176 1765 motos
2209 1735 2307 1765 esse
2340 1735 2428 1765 non
2460 1726 2549 1764 tam
2582 1722 2791 1764 miramur

197 1805 327 1846 quam
372 1792 511 1847 ipsum
558 1792 604 1835 in
643 1793 804 1838 codicis
845 1794 1055 1837 memoria
1098 1793 1357 1848 temptanda
1397 1806 1724 1849 perseverasse,
1764 1807 1860 1837 cum
1904 1794 1990 1837 iam
2022 1807 2108 1837 non
2140 1794 2332 1837 nescium
2373 1795 2556 1837 haberet
2588 1794 2789 1836 Tacitum

196 1865 299 1909 hist.
328 1863 431 1919 3,74
464 1865 631 1909 dixisse
655 1867 886 1906 stantem
908 1878 993 1917 pro
1016 1864 1223 1926 qradibus
1251 1863 1416 1906 Palatii
1446 1868 1484 1906 et
1511 1879 1657 1918 preces
1680 1868 1912 1918 parantem
1939 1867 2242 1920 pervicere,
2275 1869 2331 1906 ut
2362 1866 2587 1906 absisteret.
2652 1868 2790 1921 Atqui

195 1942 375 1980 constat
407 1937 620 1991 Tacitum,
652 1938 726 1991 qui
757 1938 852 1992 ipse
885 1951 1055 1992 quoque
1095 1939 1234 1982 multa
1276 1938 1322 1981 in
1364 1951 1566 1981 sermone
1610 1939 1772 1983 Latino
1819 1939 2003 1981 novavit
2050 1952 2283 1993 eorumque
2315 1951 2470 1982 rursus
2503 1939 2604 1982 aliis
2636 1945 2792 1982 auctor

195 2009 363 2063 extitit,
385 2008 505 2052 Livii
536 2009 730 2063 vestigia
759 2022 846 2053 non
879 2009 1015 2054 semel
1045 2023 1256 2064 premere.
1300 2010 1456 2053 Nonne
1487 2010 1625 2065 igitur
1656 2010 1798 2053 tutius
1829 2011 1901 2054 vel
1933 2010 2013 2054 hoc
2046 2024 2132 2054 uno
2164 2011 2260 2054 loco
2292 2010 2473 2054 Taciteo
2505 2010 2593 2054 nisi
2614 2011 2792 2055 Livium

196 2080 241 2124 in
273 2081 355 2124 hoc
386 2094 556 2134 quoque
600 2081 809 2135 loquendi
849 2095 1012 2136 genere
1060 2082 1213 2126 Tacito
1262 2081 1477 2136 praeiisse
1525 2086 1773 2127 statuemus
1826 2095 1955 2137 quam
2010 2096 2286 2137 reponemus,
2343 2083 2457 2136 quod
2506 2089 2585 2126 aut
2638 2083 2789 2127 tritius

195 2157 265 2196 est
296 2157 373 2196 aut
403 2166 492 2197 non
524 2153 666 2197 minus
709 2153 930 2197 insuetum
983 2157 1059 2196 aut
1090 2154 1163 2197 vel
1207 2153 1439 2197 deterius?
1519 2154 1630 2198 Nam
1661 2167 1803 2208 neque
1828 2152 2089 2205 perducendi
2119 2156 2258 2198 verbo
2290 2155 2356 2197 ita
2386 2167 2493 2197 usus
2526 2160 2597 2198 est
2631 2155 2789 2198 Livius

195 2236 247 2267 ac
284 2236 338 2266 ne
390 2223 466 2268 alii
510 2224 683 2278 quidem
724 2223 810 2268 nisi
852 2238 1034 2278 perraro
1082 2220 1247 2277 (Plaut.
1291 2225 1423 2269 Most.
1472 2224 1587 2279 1983
1629 2224 1906 2279 frequentius
1950 2229 2020 2269 est
2061 2222 2268 2265 adducere
2310 2231 2357 2269 et
2402 2224 2612 2279 inducere)
2647 2240 2800 2280 neque

111 2291 120 2300 ‘
185 2294 428 2347 pervincere
457 2293 574 2348 apud
605 2308 683 2340 seu
714 2293 773 2336 ad
802 2294 927 2348 alqm.
962 2296 1050 2341 ullo
1082 2296 1295 2340 sermonis
1338 2310 1419 2340 usu
1461 2297 1729 2341 defenditur.
1795 2297 1881 2341 Sed
1913 2296 2007 2340 eius
2038 2296 2189 2351 ipsius,
2224 2311 2354 2351 quam
2386 2298 2432 2342 in
2464 2299 2789 2343 dubitationem

194 2370 370 2419 vocant,
395 2370 647 2410 structurae
669 2367 871 2420 exempla
902 2367 992 2411 alia
1021 2381 1109 2411 non
1141 2368 1316 2421 passim,
1351 2369 1430 2412 sed
1460 2373 1608 2412 tamen
1640 2375 1765 2413 certa
1795 2369 2091 2412 inveniuntur.
2157 2369 2291 2412 Velut
2321 2370 2436 2414 idem
2469 2371 2651 2414 Tacitus
2684 2385 2787 2414 ann.

196 2434 265 2489 15,
301 2434 356 2480 17
403 2436 558 2481 scribit
586 2434 749 2478 illam
789 2450 871 2478 non
900 2435 1082 2487 verbera,
1112 2450 1195 2479 non
1235 2437 1350 2492 iqnes
1382 2438 1694 2491 pervicere,
1726 2439 1826 2493 quin
1856 2438 2009 2481 obiecta
2040 2437 2269 2493 denegaret,
2302 2447 2459 2485 contra
2491 2443 2587 2485 sine
2620 2443 2792 2485 obiecto

194 2507 251 2552 ib.
288 2506 357 2563 11,
391 2507 449 2552 34
478 2506 553 2550 sed
596 2522 675 2551 non
716 2507 808 2551 ideo
843 2508 1033 2561 pervicit,
1074 2509 1174 2563 quin
1213 2523 1413 2563 suspensa
1460 2510 1736 2567 responderet,
1780 2512 2036 2567 saepissime
2077 2513 2194 2567 apud
2238 2513 2429 2568 Livium,
2472 2520 2522 2559 ut
2559 2514 2601 2568 2,
2648 2513 2720 2568 40,
2764 2515 2792 2559 2

185 2578 397 2632 pervicere
427 2582 544 2632 certe,
575 2583 619 2623 ut
649 2583 686 2623 et
728 2579 897 2623 Veturia
928 2583 965 2623 et
998 2579 1218 2624 Volumnia
1247 2582 1292 2624 in
1323 2585 1464 2625 castra
1494 2582 1673 2625 hostium
1701 2582 1819 2626 irent.
1828 2580 1862 2637 ³)
1926 2583 2138 2629 Similiter
2170 2584 2358 2641 simplex
2390 2584 2579 2627 vincendi
2610 2588 2793 2630 verbum

413 2723 440 2768 ¹)
491 2724 551 2761 Sic
579 2725 693 2770 vulgo
719 2729 823 2762 recte
851 2725 1044 2762 scribitur:
1073 2726 1189 2764 codex
1206 2726 1504 2763 vindobonensis
1531 2724 1872 2761 multiorationibue
1899 2727 2063 2769 exhibet,
2089 2728 2186 2765 unde
2204 2728 2401 2774 Grynaeus
2427 2728 2553 2763 multis
2577 2727 2793 2763 rationibus

201 2784 398 2829 effecerat3
433 2784 479 2821 cf.
518 2789 644 2820 tamen
675 2784 794 2821 locum
828 2785 984 2822 similem
1012 2785 1069 2829 32,
1094 2785 1153 2830 28,
1179 2786 1202 2821 8
1239 2784 1318 2820 his
1343 2785 1672 2820 orationibus
1690 2795 1819 2829 perv
1835 2786 2042 2830 icerunt,
2068 2790 2109 2822 ut
2136 2787 2302 2822 consules
2327 2788 2367 2822 in
2391 2791 2544 2823 senatus
2569 2788 2793 2822 auctoritate

193 2843 277 2886 fore
300 2853 339 2878 se
364 2842 537 2886 dicerent,
562 2842 597 2878 si
620 2841 719 2877 idem
745 2842 885 2878 tribuni
901 2842 1024 2888 plebis
1046 2843 1223 2886 facerent.

412 2903 442 2949 ²)
493 2903 685 2948 ‚Perverse
712 2904 898 2941 eminente
923 2904 1049 2950 populi
1075 2905 1236 2950 nomine,
1263 2906 1368 2951 quasi
1396 2906 1623 2951 comparatio
1651 2906 1777 2951 aliqua
1804 2905 1878 2942 sit!
1919 2907 1973 2942 Cf.
1998 2907 2059 2951 28,
2087 2908 2142 2952 15.
2172 2908 2218 2944 14
2244 2907 2417 2943 transitio
2448 2907 2641 2952 sociorum,
2665 2907 2794 2952 fuya

192 2968 235 2999 ut
253 2965 367 2999 tutior
386 2975 520 3000 mora
544 2963 737 3010 videretur,
760 2964 861 3009 fecit,
877 2964 1008 3010 23,17,
1023 2966 1069 3002 12
1085 2965 1223 3000 satis
1244 2965 1359 3009 ferme
1384 2970 1611 3001 armatorum
1635 2965 1686 3000 ad
1711 2970 1788 3001 tam
1813 2966 1948 3011 atqua
1972 2969 2120 3003 moenia
2145 2968 2283 3004 tuenda
2308 2972 2398 3012 erat,
2411 2968 2573 3013 penuria
2600 2968 2793 3011 frumenti,

195 3025 397 3059 nimium
424 3025 535 3059 etiam
560 3028 602 3060 ut
627 3024 811 3059 videretur
835 3025 1031 3068 hommum,
1056 3025 1250 3069 efficiebat,
1276 3027 1311 3071 3,
1337 3027 1394 3072 64,
1420 3028 1443 3062 9
1469 3027 1562 3061 satis
1583 3026 1727 3070 factum
1752 3026 1826 3070 leqi
1850 3027 1986 3072 aiebat,
2017 3039 2112 3072 quae
2145 3039 2346 3063 numero
2377 3039 2557 3072 nusquam
2577 3029 2790 3072 praefinito,

194 3085 383 3120 tribuni
417 3084 526 3121 modo
562 3089 604 3121 nt
635 3085 937 3130 relinquerentur,
978 3086 1148 3129 sanciret,
1186 3087 1220 3132 9,
1246 3087 1306 3131 24,
1332 3088 1356 3123 4
1387 3086 1563 3131 perpulit,
1591 3097 1750 3130 prope
1788 3085 2031 3123 adiuncta
2062 3089 2250 3124 moenibus
2277 3089 2449 3125 Romana
2483 3092 2609 3123 caetra
2646 3093 2686 3122 ut
2712 3099 2794 3123 sex

193 3142 334 3180 milia
358 3144 405 3181 ab
431 3145 570 3192 oppido
594 3149 873 3191 removerentur,
899 3147 957 3193 31,
983 3147 1041 3193 31,
1065 3147 1089 3185 2
1118 3145 1353 3191 Macedones,
1379 3146 1702 3191 deseneioneni
1725 3150 1767 3182 nt
1792 3149 2108 3185 accusatione
2127 3149 2311 3193 potiorem
2328 3148 2552 3192 haberemus,
2571 3148 2778 3193 effecerunt,

194 3205 255 3248 24,
279 3205 338 3250 26,
368 3207 410 3243 11
440 3209 517 3242 tum
535 3207 682 3243 ommis
702 3216 790 3252 pro
815 3217 864 3242 se
881 3207 1067 3252 precibus,
1088 3207 1283 3253 puellis
1306 3211 1349 3243 nt
1372 3207 1504 3243 saltem
1523 3210 1731 3252 parcerent,
1758 3217 1868 3243 orare
1892 3208 2029 3245 instita
2053 3210 2275 3255 similiaque.

412 3267 444 3310 ⁸)
495 3269 622 3314 Copiis
649 3280 671 3304 a
695 3269 814 3305 Maur.
840 3269 1019 3305 Muellero
1046 3270 1093 3305 ad
1116 3270 1151 3307 h.
1168 3269 1193 3305 1.
1212 3270 1251 3306 in
1277 3270 1480 3315 appendice
1505 3281 1540 3314 p.
1567 3269 1637 3304 154
1662 3280 1714 3313 sq.
1742 3270 1935 3315 congestis
1962 3271 2056 3306 addo
2082 3270 2141 3314 26,
2166 3270 2224 3314 38,
2246 3271 2301 3306 11.
2347 3271 2405 3313 29,
2426 3271 2485 3315 31,
2512 3272 2545 3307 4.
2589 3271 2647 3315 32,
2674 3271 2732 3313 22,
2759 3270 2781 3304 8

194 3327 253 3369 28,
280 3327 313 3363 8.
364 3327 422 3371 33,
453 3328 509 3372 16,
536 3329 569 3364 3.
621 3329 678 3373 47,
706 3329 740 3365 6.
790 3329 848 3373 35,
876 3329 934 3371 33,
960 3329 995 3367 7.
1045 3329 1103 3374 37,
1131 3329 1188 3374 16,
1215 3330 1253 3370 4.
1300 3330 1356 3373 17,
1383 3329 1416 3365 7.
1467 3329 1524 3372 39,
1550 3329 1608 3373 32,
1636 3329 1693 3365 12.
1744 3329 1803 3374 42,
1832 3330 1888 3374 18,
1915 3330 1949 3369 6.

2505 3405 2548 3439 1*
