2997 3690
182 240 249 289 16

837 398 915 438 quo
945 384 1095 438 fuyitis
1124 382 1266 426 socii?
1285 397 1367 437 per
1401 398 1469 427 vos
1500 388 1536 426 et
1566 383 1697 437 fortia
1727 382 1857 437 facta,

828 469 910 509 per
942 454 1060 497 ducis
1094 455 1297 497 Euandri
1328 470 1472 498 nomen
1506 455 1742 510 devictaque
1774 453 1880 496 bella

834 541 1027 582 spemque
1057 541 1206 577 mea-m,
1232 528 1407 582 patriae
1439 541 1545 582 quae
1575 539 1681 569 nunc
1710 526 1821 568 subit
1851 526 2019 568 aemula
2051 526 2182 580 laudi,

832 598 950 653 fidite
981 612 1031 640 ne
1054 598 1251 652 pedibus,

186 672 389 728 Wagner
426 672 647 728 explicat:
681 669 800 727 (oro)
840 684 910 713 vos
951 673 988 712 et
1020 683 1102 723 per
1142 671 1274 725 fortia
1313 672 1427 724 facta
1462 675 1498 713 et
1531 684 1613 725 per
1646 670 1764 713 ducis
1800 669 2001 712 Euandri
2043 683 2187 712 nomen
2230 685 2284 716 ex
2317 686 2397 718 usu
2429 674 2687 731 Vergiliano
2722 675 2784 718 ad

186 744 283 788 buc.
320 743 360 797 4,
397 742 423 787 6
469 744 724 799 explanato,
774 744 933 798 reliqui
981 744 1117 788 altum
1152 744 1376 788 silentium
1410 749 1579 793 teuent,
1629 742 1715 788 nisi
1760 745 1874 799 quod
1906 745 1969 788 P.
2003 743 2193 788 Hofman
2228 745 2494 802 Peerlkamp
2539 748 2677 791 verba
2724 747 2787 790 ad

185 815 418 871 vulgarem
464 828 589 860 usum
636 816 868 861 revocavit
912 816 1143 861 scribendo
1179 828 1262 869 per
1292 828 1363 857 vos
1394 828 1491 871 eqo
1523 815 1654 869 fortia
1684 815 1811 868 facta.
1877 816 2039 871 Itaque
2072 817 2125 860 de
2158 817 2226 860 his
2258 829 2412 872 parum
2446 820 2626 865 confido.
2654 856 2657 857 ι
2692 819 2784 862 Sed

188 899 352 932 mecum
387 900 551 942 quaeso
585 887 841 932 consideres
874 888 1061 933 alterum
1094 887 1235 932 locum
1269 888 1459 944 Vergilii
1491 890 1602 932 Aen.
1638 887 1708 943 10,
1741 886 1831 932 597

751 972 856 1012 per
888 962 946 1015 te,
972 971 1075 1012 per
1107 958 1179 1013 qui
1210 962 1246 1000 te
1277 958 1399 1001 talem
1428 971 1606 1013 yenuere
1628 962 1901 1012 parentes,

760 1031 826 1072 vir
862 1030 1055 1081 Troiane,
1086 1031 1175 1072 sine
1207 1030 1315 1072 hanc
1345 1030 1531 1071 animam
1564 1033 1601 1071 et
1631 1030 1826 1072 miserere
1848 1031 2063 1084 precantis

180 1105 253 1148 vel
286 1103 512 1159 Apollonii
543 1103 705 1147 Rhodii
739 1105 906 1159 Argon.
941 1102 981 1157 3,
1017 1102 1100 1147 701

828 1173 984 1228 λίσσομ’
1017 1172 1145 1230 ὖπὲρ
1176 1173 1376 1229 μακάρων
1408 1172 1497 1214 σέο
1530 1173 1564 1213 τ’
1597 1174 1761 1227 αι’-τῆς
1792 1173 1885 1227 ἠδὲ
1918 1174 2136 1228 τοκήων,

830 1247 887 1302 μή
920 1260 998 1302 σφε
1031 1250 1131 1303 κακῇ
1166 1245 1247 1285 ὑπὸ
1278 1248 1370 1302 κηρὶ
1403 1246 1745 1302 διαρραισθέντας
1777 1246 1937 1285 ἰδέσθαι

832 1317 1052 1374 ἀργαλέοις.

178 1393 374 1448 Quorum
407 1390 640 1446 Iocorum¹)
683 1405 778 1435 cum
817 1407 871 1436 ea
916 1394 1114 1436 condicio
1158 1394 1229 1446 sit,
1273 1399 1322 1435 ut
1362 1406 1450 1436 non
1493 1393 1587 1434 sine
1630 1405 1788 1446 magno
1833 1392 2053 1434 molimine
2094 1394 2258 1436 mutari
2291 1397 2467 1446 queant,
2501 1396 2692 1447 aptiores
2725 1395 2785 1437 ad

178 1464 456 1507 eximendam
479 1464 824 1507 ·dubitatione111
870 1466 997 1508 nobis
1040 1466 1250 1508 videntur
1292 1477 1404 1507 esse.
1470 1466 1530 1506 Et
1574 1465 1748 1506 omnino
1792 1464 1836 1505 in
1880 1465 1961 1506 hoc
1993 1470 2086 1507 toto
2120 1465 2327 1518 loquendi
2359 1478 2535 1519 genere,
2568 1480 2651 1518 quo
2685 1466 2788 1519 quis

180 1549 260 1590 per
292 1549 340 1580 se
373 1536 515 1591 ipsum
549 1541 746 1591 rogatur,
781 1549 877 1581 eum
910 1550 989 1592 per
1022 1536 1226 1591 quicquid
1258 1536 1421 1581 homini
1453 1549 1600 1580 carum
1633 1540 1701 1580 est
1752 1535 1905 1591 rogari
1950 1536 2106 1592 soleat,
2139 1550 2225 1580 non
2257 1536 2408 1593 inepte
2439 1537 2626 1580 hominis
2660 1551 2786 1581 amor

178 1608 247 1651 sui
295 1608 539 1663 invocatur,
587 1613 634 1653 ut
674 1621 913 1664 pronomen
959 1609 1074 1663 quod
1117 1613 1279 1652 vocant
1320 1609 1558 1663 personale
1590 1608 1859 1663 praegnanti
1892 1609 2080 1662 quadam
2114 1609 2159 1652 vi
2190 1622 2268 1663 pro
2301 1610 2396 1653 vita
2427 1609 2611 1653 alicuius
2643 1610 2783 1663 accipi

180 1693 312 1734 posse
345 1681 570 1735 videatur3
604 1681 812 1724 conferas
845 1681 906 1724 sis
938 1681 1066 1724 Iliad.
1102 1679 1172 1735 22,
1206 1679 1293 1724 338

829 1749 985 1803 λίσσομ’
1008 1749 1108 1805 ὗπὲρ
1142 1753 1280 1803 ψι·χῆς
1312 1751 1378 1789 καὶ
1412 1749 1565 1803 γούνων
1596 1753 1677 1791 σιῦν
1708 1765 1754 1790 τε
1788 1749 1953 1805 τοκήων,

827 1821 888 1878 μή
919 1838 974 1877 με
1007 1820 1055 1865 ἔα
1089 1821 1201 1879 παρὰ
1237 1823 1346 1877 νητσὶ
1379 1823 1502 1872 κύνας
1533 1822 1769 1876 καταδάψαι
1804 1823 1986 1871 Ἀχαιῶν

178 1897 218 1941 Ιι.
255 1910 290 1940 e.
343 1897 525 1941 obsecro
568 1909 648 1952 per
693 1902 811 1941 tuam
855 1898 993 1941 vitam
1040 1910 1272 1953 genuaque
1317 1903 1363 1941 et
1407 1893 1673 1952 parentes.²)
1736 1897 1892 1951 Itaque
1933 1909 2011 1952 per
2055 1910 2122 1940 me
2155 1898 2258 1941 licet
2302 1897 2516 1940 mirentur
2560 1901 2781 1951 tamquam

178 1969 500 2023 elegantiorem
534 1969 667 2013 istam
700 1969 931 2023 rationem,
965 1983 1049 2023 qua
1082 1970 1354 2024 praepositio
1388 1982 1416 2012 a
1447 1982 1524 2012 suo
1568 1969 1742 2012 nomine
1784 1969 2051 2022 disiungitur
2085 1969 2256 2012 inserto
2289 1969 2557 2022 pronomine,
2591 1969 2781 2011 alteram

179 2040 398 2084 rationem
431 2042 614 2095 probam
649 2054 733 2085 non
769 2054 865 2084 esse
899 2042 1089 2084 nondum
1124 2042 1326 2084 adducor.

1262 2157 1692 2179 ——‹0>-<1<›—

398 2256 630 2300 Hanoviae
665 2270 703 2300 a.
740 2257 1202 2301 MDCCCLXXXIX.

1929 2326 2289 2381 Guilelmus
2329 2330 2632 2380 Heraeus,

400 2474 428 2514 ¹)
459 2474 512 2508 Cf.
543 2473 655 2508 etiam
683 2485 813 2508 versus
842 2472 967 2508 Ovidii
996 2484 1065 2507 am.
1093 2472 1126 2514 2,
1157 2472 1210 2510 16.
1238 2472 1284 2507 44

833 2536 873 2566 at
901 2533 991 2566 mihi
1018 2537 1051 2566 te
1080 2532 1246 2566 comitem
1274 2532 1422 2565 iuraras
1449 2542 1560 2575 usque
1583 2531 1751 2573 suturam

825 2602 915 2636 per
942 2603 1007 2626 me
1030 2602 1210 2636 perque
1236 2591 1412 2635 oculos,
1440 2590 1564 2626 sidera
1592 2594 1730 2636 nostra,
1758 2593 1876 2625 tuos.

185 2656 336 2690 Iurarat
365 2655 511 2689 seilicet
538 2654 661 2700 puella
690 2662 765 2696 ⁸per
791 2655 826 2684 Ie
852 2651 1046 2694 oculosque
1074 2654 1192 2688 meos‘.

395 2716 423 2756 ²)
476 2717 699 2759 Comparare
726 2716 818 2749 licet
851 2716 965 2749 etiam
995 2712 1211 2749 Callimachi
1240 2715 1283 2749 fr.
1311 2714 1381 2748 3512
1410 2713 1513 2747 Schn.
1548 2711 1620 2766 σήν
1641 2728 1685 2751 τε
1707 2710 1835 2766 καρὴν
1858 2709 1995 2764 (ι’ἶμοσα
2030 2710 2112 2752 σόν
2144 2727 2193 2751 τε
2225 2708 2333 2764 βίον
2360 2722 2438 2747 cum
2456 2708 2780 2755 interpretatione

177 2776 300 2811 latina
329 2776 467 2811 Catulli
499 2787 608 2811 carm.
637 2775 694 2812 66.
722 2776 768 2810 40
795 2774 928 2809 adim-o
956 2778 1096 2817 teque
1123 2777 1294 2817 tuamque
1321 2775 1442 2815 caput.
