2997 3690
115 171 153 221 6

117 316 308 371 quodam
341 317 558 364 orat-ionis
589 317 706 362 flexu
738 318 1005 363 sententiam
1038 317 1291 372 primariam
1339 329 1418 371 pro
1451 315 1713 362 secundaria
1754 316 1812 362 ad
1844 317 1995 371 priora
2025 319 2353 367 accommodata
2383 317 2565 372 inducit,
2597 318 2724 365 velut

119 402 223 434 ann.
258 387 300 445 2,
332 387 390 436 21
434 389 685 443 imprompto
716 389 804 432 iam
835 388 1033 432 Arminio
1073 388 1122 430 ob
1153 388 1347 431 continua
1370 386 1577 441 pericula,
1607 387 1695 429 sive
1726 386 1846 430 illum
1875 399 2016 433 reeens
2046 393 2256 445 acceptum
2289 389 2435 434 vulnus
2464 387 2719 440 tardaverat,

119 461 195 507 ubi
231 462 380 516 potius
413 463 526 509 lianc
557 462 931 507 continuationem
980 466 1239 516 exspectes:
1285 460 1371 502 sive
1418 459 1555 514 quod
1600 459 1719 502 illam
1764 458 1909 502 vuloms
1949 459 2206 514 tardaverat,
2239 464 2297 509 ib.
2334 463 2402 519 13,
2438 462 2492 509 15
2524 473 2726 505 venenum

118 533 277 587 accepit
308 532 585 587 tramisitqroe,
607 532 792 575 eoeso'uta
824 532 916 574 alvo
938 545 1101 585 parum
1134 532 1331 588 validum,
1353 532 1439 574 sive
1469 533 1834 585 temperamentum
1856 531 2003 582 inerat,
2025 545 2075 573 -ne
2093 533 2237 577 statim
2256 535 2444 587 saeviret,
2467 535 2568 580 hist.
2596 533 2635 588 1,
2658 532 2724 578 76-

119 603 372 659 lonyinquae
413 604 661 657 provinciae
692 638 701 648 .
735 636 746 646 .
781 636 791 645 .
826 639 836 649 .
874 618 1006 658 penes
1046 604 1245 649 Othonem
1289 609 1521 660 manebant,
1562 622 1643 652 non
1686 609 1880 663 partium
1925 607 2076 660 stmla’o,
2123 609 2198 651 sed
2228 614 2319 654 erat
2346 611 2511 666 qrande
2541 623 2724 655 momen—

118 678 207 717 tum
239 677 281 717 in
313 676 479 718 nomine
510 675 626 716 urbis
656 688 706 716 ac
733 678 948 728 praeteaeto
978 681 1160 724 senatus,
1224 681 1348 726 Haec
1379 686 1526 726 autem
1558 688 1690 737 grata
1722 682 1938 727 orationis
1969 681 2168 727 varietas
2199 681 2286 726 iam
2318 684 2449 729 Livio
2481 683 2723 738 aliquando-

117 748 298 802 placuit,
341 748 422 793 sed
466 748 669 802 neglecta
706 748 850 794 adhuc
892 750 949 792 ab
992 750 1310 805 interpretibus
1354 753 1546 809 videtur,
1589 758 1638 799 ut
1680 758 1789 810 puta.
1828 754 1871 810 5,
1902 752 1975 809 47,
2009 752 2037 798 8
2067 752 2134 796 cui
2163 752 2347 796 uniuersi
2375 753 2553 814 selibras
2581 754 2723 808 farris

115 817 387 869 ematulmnt,
430 832 518 860 rem
561 818 674 860 dictu
706 833 905 874 parvam,
952 824 1128 862 ceterum
1182 822 1328 875 inopia
1379 824 1535 876 fecerat
1578 837 1671 866 eam
1716 828 2007 879 aryumentum
2048 825 2191 880 ioeyens
2228 825 2430 877 cantatae,
2476 826 2549 883 22,
2583 826 2655 882 22,
2690 826 2720 872 6

119 890 288 932 Abelux
327 894 419 933 erat
464 890 646 945 Sayuutc
687 891 837 935 nobilis
883 891 1116 944 Hispanus,
1158 893 1271 946 fidus
1316 898 1411 936 ante
1442 893 1607 947 Poenis,
1639 899 1739 944 tuln,
1772 896 1916 950 qualia
1941 897 2190 952 plerumque
2218 900 2314 940 scatet
2345 897 2625 942 barbarorum
2656 899 2721 940 in·

112 962 252 1016 qen-ia,
295 976 388 1005 cum
430 964 603 1016 fortuna
644 966 879 1006 nudaverat
922 963 1062 1017 fidem,
1106 965 1177 1020 45,
1221 966 1290 1016 17,
1324 966 1352 1011 2
1399 967 1440 1008 in
1496 966 1791 1010 Macedoniam
1843 967 2081 1011 consulares
2141 972 2339 1024 quattuor
2388 970 2604 1021 flammati,
2659 970 2719 1014 A.

114 1031 361 1076 Postumius
392 1034 555 1077 Luscus
603 1067 612 1077 .
648 1070 658 1080 .
694 1071 704 1080 .
738 1070 749 1081 .
801 1034 846 1078 Ο.
880 1035 1071 1078 Licinias
1106 1036 1288 1080 Cras-sas
1333 1038 1488 1091 eolleya
1530 1039 1574 1080 in
1623 1038 1838 1081 consulatu
1870 1037 2014 1090 Pauli,
2042 1043 2133 1082 tum
2156 1044 2386 1096 proroyato
2417 1041 2592 1095 imper-lo
2615 1055 2724 1095 pro-

112 1106 295 1148 vinciam
336 1106 534 1149 Galliam
571 1107 759 1163 habebat,
794 1109 835 1164 3,
879 1109 950 1163 33,
992 1110 1019 1154 5
1059 1109 1126 1151 lois
1162 1110 1351 1163 prooeimo'
1392 1110 1524 1153 hahita·
1563 1110 1689 1165 Ieyata'
1729 1114 1812 1153 tres
1858 1111 1930 1165 qui
1974 1111 2165 1154 Athenas
2207 1104 2354 1162 ierant,
2395 1112 2522 1155 simul
2559 1115 2606 1155 ut
2635 1127 2724 1166 pro

111 1177 316 1233 leyatione
347 1182 436 1220 tam
467 1178 693 1234 Ionyinqaa
715 1182 911 1234 praemio
943 1185 1046 1224 esset
1087 1182 1226 1234 honos,
1265 1182 1393 1225 sinml
1425 1184 1586 1236 peritos
1627 1182 1763 1237 lenam
1795 1183 2121 1237 mrem-inarum
2152 1183 2211 1224 acl
2240 1184 2455 1227 condenda
2487 1199 2590 1228 nova
2622 1186 2725 1229 iura

111 1252 214 1294 usui
243 1253 336 1305 fore
365 1251 597 1294 credebant.
662 1255 875 1299 Extremo
910 1256 989 1300 hoc
1021 1256 1115 1299 loco
1147 1256 1293 1310 potuit
1324 1268 1432 1300 sane
1458 1270 1492 1300 -a
1522 1257 1652 1302 Livio
1684 1256 1821 1301 scribi
1850 1253 1977 1296 simul
2008 1251 2157 1310 [qnod]
2177 1254 2338 1307 peritos
2370 1291 2380 1301 .
2414 1288 2425 1300 .
2460 1289 2470 1300 .
2502 1256 2600 1298 usai
2628 1256 2747 1310 fore.

110 1323 342 1374 credebant,
381 1326 496 1379 quod
553 1338 692 1380 nuper
734 1327 911 1373 Harant
953 1328 980 1371 l.
1016 1341 1052 1372 c.
1086 1342 1126 1383 p.
1159 1327 1218 1373 24
1260 1329 1414 1382 suasit,
1456 1334 1534 1373 aut
1588 1328 1929 1384 participialiter
1968 1327 2112 1372 oratio
2164 1327 2446 1377 conformari,
2504 1329 2722 1383 quomodo

111 1396 183 1450 27,
207 1396 247 1448 3,
271 1396 299 1440 2
330 1396 481 1437 milites
513 1396 717 1450 aedificiis
749 1401 920 1447 amotos,
966 1397 1136 1439 simul
1166 1402 1223 1439 ut
1252 1412 1345 1440 cum
1377 1413 1480 1453 ayro
1511 1402 1614 1441 tecta
1644 1399 1762 1440 urbis
1790 1397 1976 1453 fruenda
2007 1397 2251 1448 locarentur,
2271 1398 2434 1440 simul
2465 1403 2717 1451 metuens,

110 1483 161 1509 ne
190 1482 313 1508 suum
345 1482 506 1521 quoque
527 1469 747 1509 exercitum
769 1469 903 1509 nimia
923 1470 1041 1509 urbi-s
1072 1470 1301 1510 amoenitas
1333 1470 1542 1521 emolliret,
1566 1473 1644 1516 sed
1666 1471 1879 1527 praetulit
1900 1471 2152 1529 primariam
2185 1471 2464 1516 sententiam.
2514 1471 2722 1516 Ceterum

109 1542 231 1585 aliud
284 1555 468 1597 quoque,
518 1543 634 1597 quo‘d
681 1543 826 1586 Taciti
874 1545 1075 1599 exemplo
1122 1545 1289 1590 firmari
1337 1545 1473 1598 licuit,
1522 1545 1566 1588 in
1615 1545 1703 1589 illis
1752 1545 1900 1588 verbis
1946 1544 2123 1588 Harant
2153 1543 2316 1587 iniuria
2359 1547 2557 1587 mutasse
2588 1544 2720 1588 nobis

113 1614 295 1658 videtur
325 1629 405 1668 pro
439 1613 571 1654 habiti
604 1616 837 1658 scribendo
870 1614 1019 1669 additi,
1064 1629 1176 1669 quae
1225 1622 1296 1658 est
1344 1617 1474 1659 lectio
1516 1617 1679 1660 codicis
1724 1617 1947 1659 cuiusdam
1988 1615 2198 1671 ignobilis
2231 1615 2565 1670 Veitbingensis
2598 1615 2724 1670 plau·

114 1699 296 1741 sumque
329 1687 434 1729 tulit
470 1687 523 1729 H.
558 1687 602 1730 J.
637 1687 854 1740 Muelleri,
889 1699 975 1730 non
1010 1687 1238 1740 Madvigii.
1304 1688 1545 1732 Contendit
1589 1688 1704 1733 enim
1737 1688 1805 1732 vir
1842 1688 1996 1733 doctus
2037 1699 2092 1731 ex
2124 1686 2294 1732 tradita
2325 1686 2545 1741 scriptura
2576 1699 2720 1742 neque

114 1760 236 1802 aliud
281 1759 513 1812 quicquam
558 1759 659 1802 elici
704 1772 834 1812 posse
882 1760 968 1802 nisi
1012 1759 1079 1799 lais
1114 1759 1305 1811 proximi
1336 1759 1482 1800 crediti
1511 1762 1609 1800 sunt
1637 1760 1771 1811 laissa
1803 1758 1926 1813 leyecti
1957 1761 2040 1799 tres
2078 1772 2159 1802 nec
2190 1760 2371 1802 verbum
2404 1757 2534 1798 habiti
2566 1759 2719 1804 eodem

115 1844 247 1873 sensu
282 1830 499 1885 usurpari,
533 1845 618 1884 quo
650 1830 779 1871 creati
812 1837 888 1874 aut
921 1829 1046 1880 electi,
1090 1833 1171 1874 hoc
1212 1838 1347 1885 recte,
1389 1832 1499 1875 illud
1544 1845 1672 1875 secus
1706 1837 1859 1876 nostro
1892 1833 2067 1885 quidem
2099 1831 2270 1874 iudicio.
2336 1832 2431 1874 Hoc
2462 1830 2576 1873 enim
2610 1831 2720 1874 dicit

117 1901 290 1955 LiviuS,
335 1908 567 1957 postquam
594 1907 696 1946 -tres
739 1903 1013 1946 decemviros
1059 1903 1191 1946 alium
1234 1904 1364 1947 aliam
1408 1906 1463 1947 ob
1506 1917 1681 1947 causam
1716 1909 1891 1947 creatos
1924 1904 2143 1957 narravit,
2188 1903 2363 1958 legatos
2394 1902 2493 1945 illos
2526 1906 2618 1946 tres
2650 1902 2723 1945 his

115 1974 342 2029 proximos
387 1974 611 2027 dignitate
655 1975 873 2019 iudicatos
917 1990 970 2020 ac
1008 1976 1192 2030 perinde
1237 1981 1453 2020 tractatos
1485 1990 1582 2019 esse
1615 1977 1655 2019 h.
1690 1991 1728 2019 e.
1762 1976 1965 2020 nimirum
1999 1979 2185 2020 creatos.
2240 1971 2468 2015 Proximus
2498 1974 2717 2019 interdum

114 2046 237 2101 (nam
281 2047 554 2102 interpretes
598 2048 735 2092 silent
778 2062 860 2092 nec
901 2054 1049 2092 tamen
1091 2049 1277 2104 vulgare
1316 2048 1491 2095 dicendi
1522 2062 1663 2104 genus
1705 2045 1797 2102 est)
1845 2048 2059 2093 eminenti
2102 2061 2235 2092 sensu
2268 2052 2452 2091 vocatur
2497 2046 2719 2101 dignitate

113 2133 167 2165 ac
198 2120 370 2165 meritis
402 2120 628 2176 proximus
659 2122 715 2165 ab
748 2120 923 2175 aliquo:
956 2121 1055 2176 ‚den
1087 2121 1300 2165 nachsten
1335 2121 1568 2176 Anspruch
1600 2121 1786 2175 habend,
1818 2115 2175 2175 nachstw'urdig‘,
2207 2119 2331 2164 velut
2362 2118 2539 2164 Curtius
2560 2118 2719 2174 Rufus,

113 2198 347 2247 postquam
371 2193 567 2247 praemia
599 2194 655 2237 ab
678 2194 935 2237 Alexandro
968 2194 1023 2237 de
1056 2193 1318 2237 fortitudine
1350 2193 1531 2237 militari
1561 2192 1836 2237 certantibus
1870 2191 2097 2247 proposita
2118 2204 2217 2235 esse
2239 2191 2510 2245 memoravit,
2544 2191 2719 2246 pergit:

104 2265 332 2318 primus
363 2265 546 2305 onmium
579 2265 744 2306 virtutis·
776 2278 906 2306 causa
954 2264 1131 2305 donante
1167 2267 1226 2306 est
1258 2264 1491 2306 Atlcarrias
1521 2264 1672 2316 senior,
1705 2263 1776 2318 qni
1808 2263 2007 2306 omissum
2048 2261 2165 2316 apud
2206 2261 2518 2304 Halicarnason
2549 2276 2576 2303 a
2608 2262 2718 2304 iuni-

112 2337 255 2378 oribus
277 2336 490 2391 proelium
522 2351 631 2379 unus
662 2339 844 2379 maxime
874 2336 1141 2387 accenderat5
1167 2337 1461 2389 proximus
1493 2337 1539 2377 ei
1571 2336 1798 2390 Antiyenes
1829 2336 1942 2376 visus
1973 2338 2030 2376 est
2060 2340 2143 2378 cet.
2168 2334 2229 2390 (5,
2254 2334 2294 2390 2,
2317 2333 2378 2389 5),
2412 2335 2637 2391 Vergilius
2670 2334 2715 2378 in

113 2411 336 2454 iaculandi
370 2411 611 2454 certamine
645 2412 700 2454 ab
733 2412 887 2455 Aenea
919 2410 1124 2453 instituto
1158 2411 1268 2453 Aen.
1303 2409 1344 2463 5,
1376 2408 1466 2453 540
1499 2423 1562 2464 sq.

828 2481 1071 2535 primum
1103 2483 1197 2521 aute
1228 2481 1363 2522 onmis
1393 2481 1586 2523 victorem
1616 2479 1800 2533 appellat
1832 2479 2020 2522 Acesten.

839 2565 909 2594 nec
941 2552 1071 2593 bonas
1107 2551 1315 2606 Eurytion
1339 2550 1534 2604 praelato
1566 2552 1714 2592 invidit
1746 2551 1906 2601 honori,

839 2624 1031 2678 quamvls
1061 2623 1175 2665 solus
1205 2637 1322 2665 avem
1354 2621 1464 2665 caelo
1496 2622 1639 2665 deiecit
1670 2622 1723 2664 ab
1754 2623 1851 2666 auo.

828 2696 1132 2749 proximus
1161 2694 1397 2750 inyrede‘tar
1429 2694 1561 2751 donis,
1595 2696 1667 2749 qui
1698 2695 1861 2738 vinceda
1891 2695 2016 2751 rupit,

115 2772 189 2815 ubi
222 2770 344 2810 donis
391 2776 460 2813 est
501 2770 729 2816 ablativus
762 2770 837 2826 qui
869 2774 1055 2813 vocatur
1093 2768 1371 2824 respectivus
1403 2766 1478 2823 (ct.
1512 2768 1660 2813 Taciti
1692 2768 1831 2815 locum
1865 2780 1964 2813 mox
1996 2765 2281 2821 laudandum)
2315 2778 2396 2812 uec
2427 2770 2547 2811 recte
2579 2765 2719 2811 inter·

108 2845 278 2899 pretari
324 2844 534 2888 videntur
573 2843 651 2888 alii
697 2849 773 2888 aut
819 2855 913 2884 cam
956 2841 1076 2882 donis
1119 2848 1198 2886 aut
1245 2854 1299 2886 ex
1334 2841 1480 2886 Servii
1521 2840 1746 2886 sententia
1776 2838 1834 2880 ad
1865 2838 1975 2880 dmza
2006 2836 2262 2892 accipienda.
2327 2835 2524 2880 Habendi
2568 2842 2720 2883 autem

107 2918 305 2969 verbum,
348 2916 465 2969 quod
497 2914 763 2962 Harautium
796 2920 1030 2969 tantopere
1064 2913 1260 2967 offendit,
1302 2913 1521 2957 interdum
1563 2918 1609 2955 et
1651 2909 1843 2964 putandi,
1890 2908 2106 2952 iudicandi
2138 2915 2185 2954 et
2215 2906 2463 2963 tractandi¹)
2496 2908 2720 2952 notionem

106 2988 432 3042 complectitur,
467 2988 582 3030 sicut
614 2987 798 3030 Tacitus
842 3000 945 3030 ann.
983 2985 1025 3041 2,
1067 2985 1138 3039 47,
1184 2985 1259 3029 ubi
1301 2985 1527 3029 duodecim
1572 2984 1705 3028 claris
1749 2983 1887 3028 Asiae
1928 2983 2109 3027 urbibus
2150 2988 2271 3026 motu
2318 2987 2466 3026 terrae
2510 2979 2720 3034 collapsis

330 3119 356 3162 ¹)
408 3120 463 3154 De
503 3118 639 3154 effectu
665 3118 879 3162 iudicandi3
920 3118 1023 3153 cuius
1061 3117 1211 3162 generis
1247 3123 1317 3159 est,
1352 3116 1448 3160 quod
1487 3115 1680 3151 sententia
1717 3112 1834 3148 videri
1871 3114 2019 3157 dicitur,
2055 3124 2149 3160 quae
2175 3112 2379 3156 accipitur.-
2417 3111 2499 3147 Liv.
2525 3111 2586 3150 26.
2610 3110 2668 3154 21,
2695 3110 2719 3146 4

108 3179 267 3213 meadum
299 3179 415 3214 risum
442 3177 531 3222 (aie
557 3176 811 3212 vcrmietelnde
837 3177 996 3212 Arcsicht
1029 3175 1153 3211 warde
1177 3185 1261 3210 tum
1280 3173 1479 3209 Beer-Musa
1504 3173 1700 3217 emonem),
1733 3177 1776 3209 ut
1801 3184 1916 3208 ovans
1942 3172 2064 3208 arbem
2090 3173 2209 3215 iniret,
2248 3173 2281 3208 h.
2309 3184 2341 3209 e.
2378 3171 2501 3207 media
2526 3170 2720 3207 sententia

104 3242 190 3277 visa
219 3247 278 3276 est
306 3241 355 3283 (2,
382 3240 440 3283 30,
470 3240 488 3275 1
518 3237 676 3273 mediam
702 3236 896 3272 eonsilium
932 3236 1084 3282 Veryim'
1106 3235 1322 3279 habebatur,
1349 3235 1445 3281 quod
1472 3240 1595 3272 tamen
1624 3247 1697 3272 non
1724 3239 1918 3281 acceptum
1944 3235 2019 3276 est)
2046 3245 2163 3280 eoque
2189 3236 2346 3279 accepta
2371 3237 2442 3274 est.
2460 3243 2533 3278 qua
2550 3230 2719 3278 pleniore

111 3302 284 3338 oratioue
324 3301 447 3337 utitur
486 3300 618 3336 Livius
656 3299 714 3343 36,
760 3299 816 3343 12,
855 3300 878 3334 3
917 3298 1038 3332 media
1079 3297 1157 3332 risa
1200 3301 1252 3332 eat
1284 3295 1386 3341 Clyto·
1420 3295 1603 3330 sententia
1642 3304 1754 3338 eoque
1780 3297 1934 3338 accepta
1961 3297 2024 3336 eat,
2053 3296 2091 3328 ut
2117 3291 2168 3327 ad
2192 3302 2311 3336 reyem
2340 3292 2567 3327 mitterentur
2591 3288 2723 3334 leqatc.

99 3363 291 3398 Similiter
317 3361 408 3397 alibi
433 3359 585 3404 placere
612 3360 774 3406 ponitur.
