2997 3690
176 181 242 228 10

167 326 223 368 0.
257 325 478 368 Riemann
512 326 744 370 scribendo
776 325 887 379 quod
917 329 954 367 et
975 326 1125 378 plures
1154 325 1374 366 tradidere*
1395 328 1585 367 auctores
1615 329 1653 367 et
1675 324 1800 382 [ea¹)]
1821 327 1944 377 fama
1975 331 2159 383 obtinuit,
2183 339 2303 378 recte
2335 335 2609 389 inprobatam
2642 336 2763 382 illam

173 397 350 451 quidem
383 411 411 441 a
443 399 669 452 Muellero,
695 399 773 441 sed
805 411 832 440 a
863 398 1084 441 locutione
1115 399 1278 441 iniuria
1308 399 1355 440 in
1378 399 1557 442 dubium
1578 404 1796 443 vocatam.
1859 400 1969 443 Nam
2002 404 2117 454 quod
2149 405 2225 449 ille
2257 406 2327 450 vir
2358 407 2512 450 doctus
2544 405 2656 459 quod
2685 421 2764 461 pro

171 469 364 512 relativo
388 468 643 524 pronomine
666 468 839 524 accipit,
863 471 1013 523 potest
1035 472 1241 512 constare
1264 482 1357 513 cum
1381 470 1594 524 bipertita
1625 470 1825 514 oratione
1847 483 1926 525 per
1946 472 2010 512 et.
2031 502 2041 512 .
2062 503 2072 512 .
2090 474 2127 512 et
2147 474 2278 520 facta,
2329 477 2556 522 Interdum
2577 477 2692 522 enim
2715 478 2762 522 jn

173 540 490 585 conexionibus
533 540 795 595 copulativis
835 539 964 584 initio
1004 540 1254 585 sententiae
1300 540 1480 597 ponitur
1525 555 1680 587 nomen
1730 543 2028 587 tantummodo
2059 543 2196 599 priori
2227 550 2422 594 membro
2453 553 2600 605 aptum
2631 549 2762 605 idque

172 615 244 657 vel
278 613 351 656 ubi
385 625 462 656 suo
496 613 696 666 quodque
741 612 937 655 subiecto
980 614 1176 657 membra
1207 614 1411 668 praedita
1453 619 1557 659 sunt
1600 614 1670 669 (ut
1701 616 1842 660 levius
1889 616 1949 660 sit
1996 617 2109 671 quod
2143 618 2331 662 habetur
2362 622 2459 667 Liv.
2495 621 2566 677 33,
2597 620 2669 675 27,
2704 621 2761 667 10

171 684 218 725 id
249 697 372 737 aeyre
404 686 441 724 et
471 683 516 724 in
538 683 784 736 praesentia
815 682 859 724 lu'
883 685 1009 735 passi
1041 688 1078 725 et
1107 685 1150 725 in
1181 685 1371 737 futurum
1402 686 1527 727 etiam
1558 689 1709 728 metum
1749 687 1974 742 ceperunt),
2016 688 2129 742 quod
2161 702 2300 744 genus
2333 694 2574 738 orationem
2608 695 2761 738 Livius

171 757 383 799 formavit
414 756 539 799 velut
562 754 632 809 33,
656 754 696 807 9,
722 754 778 798 10
809 753 867 795 ad
899 768 1151 797 communem
1182 756 1364 797 omnium
1395 757 1710 809 trepidationem
1742 760 1920 813 accessit,
1954 758 2064 812 quod
2092 759 2281 812 phalanx
2313 759 2591 806 Macedonum
2618 765 2762 820 yravts

170 830 291 880 atque
322 826 545 867 immobilis
585 839 657 867 nee
696 826 976 879 cirennzayere
1007 840 1050 868 se
1073 830 1251 878 poterat,
1283 840 1354 867 nec
1386 827 1471 878 hoe,
1504 828 1576 880 qui
1608 843 1634 867 a
1664 828 1800 879 fronte
1821 829 1955 880 paulo
1986 833 2080 871 ante
2102 830 2251 882 pedem
2281 827 2502 883 referentes
2531 839 2623 877 tune
2652 836 2760 877 ultro

169 899 327 939 territis
370 898 590 953 instabant,
617 898 901 953 patiebantur,
943 900 1124 942 Tacitus
1172 913 1273 943 ann.
1320 899 1359 954 3,
1393 900 1450 943 54
1499 903 1571 939 aut
1614 900 1652 939 si
1692 899 1787 953 quis
1818 913 1867 939 ex
1897 901 2213 954 mayistratibus’
2244 906 2401 943 tantam
2431 903 2681 947 industrium
2713 920 2763 949 ac

159 971 425 1012 severitatem
461 969 695 1023 pollicetur,
741 973 787 1010 nt
825 970 886 1010 ire
926 969 1088 1010 obviam
1134 973 1269 1023 queat,
1312 970 1420 1012 hunc
1457 984 1528 1023 eqo
1575 973 1612 1010 et
1656 970 1782 1011 laudo
1836 974 1873 1011 et
1904 973 2121 1013 exonerari
2151 973 2341 1015 laborum
2378 988 2559 1016 meorum
2593 982 2762 1028 partem

163 1043 304 1097 fateor
337 1041 430 1097 (ubi
463 1044 595 1086 facile
629 1044 874 1086 carebimus
906 1044 1161 1086 Doederlini
1196 1043 1451 1086 coniectura
1483 1056 1707 1083 exonerare
1738 1044 2057 1100 proponentis),
2090 1059 2243 1089 rursus
2275 1048 2430 1091 Livius
2462 1049 2506 1091 in
2536 1049 2631 1104 ipso
2664 1063 2762 1104 pro·

168 1118 345 1159 nomine
378 1116 584 1168 relativo,
619 1116 691 1158 vel
725 1117 940 1158 Muellero
973 1117 1000 1157 l.
1036 1129 1069 1157 c.
1105 1129 1144 1169 p.
1179 1115 1267 1158 299
1308 1118 1373 1158 ita
1404 1117 1625 1158 iudicante
1672 1121 1717 1158 et
1759 1115 1953 1158 fortasse
1986 1122 2120 1170 recte,
2164 1118 2234 1171 45,
2267 1118 2337 1172 20,
2372 1120 2399 1161 5
2432 1132 2523 1159 cum
2547 1121 2687 1171 primo
2720 1121 2762 1160 in

165 1189 271 1228 veste
302 1185 487 1227 candida
521 1186 597 1226 vise?
628 1189 769 1241 essent,
805 1185 915 1239 quod
947 1188 983 1226 et
1011 1186 1265 1240 yrattalantae's
1298 1186 1462 1228 decebat
1492 1190 1540 1235 et,
1571 1187 1609 1227 si
1638 1186 1858 1227 sordidam
1897 1189 2045 1227 vestem
2078 1186 2328 1237 habuissent,
2362 1188 2587 1243 luyentaeum
2619 1189 2762 1232 Persei

167 1271 309 1300 casum
349 1257 552 1310 praebere
594 1258 770 1310 speeiem
805 1260 1003 1310 poterant
1049 1264 1132 1302 cet.
1213 1260 1425 1302 Extremo
1458 1260 1539 1302 hoc
1580 1260 1675 1302 loco
1708 1259 1879 1312 priores
1911 1256 2021 1311 quod
2052 1259 2401 1303 coniunctionem
2433 1261 2760 1317 intellexerant,

167 1332 346 1374 Harant
379 1344 550 1384 quoque
585 1328 774 1384 (emend.
810 1336 856 1373 et
889 1332 1042 1375 adnot.
1085 1345 1126 1385 p.
1169 1329 1289 1386 289),
1323 1336 1425 1385 post
1469 1331 1591 1385 prius
1635 1333 1671 1369 et
1710 1331 1993 1372 inserendum
2037 1343 2220 1372 censens
2253 1329 2299 1369 id
2330 1332 2402 1373 vel
2434 1345 2481 1370 ea
2515 1331 2675 1389 (magis
2708 1347 2763 1377 ex

167 1416 287 1445 more
332 1403 522 1446 Liviano
567 1407 689 1444 esset
736 1402 809 1451 ita,
853 1402 905 1445 cf.
958 1401 1028 1457 21,
1070 1402 1141 1457 40,
1191 1403 1243 1445 11
1289 1403 1347 1442 ita
1387 1403 1568 1454 forsitan
1607 1401 1752 1455 decuit,
1804 1402 1874 1456 35,
1919 1401 1990 1455 25,
2028 1402 2079 1444 11
2117 1400 2227 1454 quod
2258 1402 2316 1441 ita
2350 1401 2538 1454 Quinctio
2562 1403 2759 1458 placeret,

163 1474 237 1529 28,
265 1474 333 1529 18,
368 1475 395 1518 5
430 1474 530 1528 quia
562 1474 621 1514 ita
653 1473 769 1514 corat
801 1477 890 1513 erat
921 1475 1023 1527 reqi,
1057 1474 1126 1529 39,
1164 1475 1234 1528 41,
1271 1475 1296 1518 6
1330 1474 1431 1527 quia
1461 1474 1523 1514 ita
1554 1474 1694 1526 aptius
1724 1474 1858 1514 visum
1889 1476 1990 1527 erat,
2026 1473 2095 1528 36,
2130 1473 2201 1522 23,
2226 1473 2251 1517 7
2286 1473 2397 1526 quod
2424 1474 2487 1514 aa
2519 1476 2764 1529 transfuyae

167 1546 470 1600 affirmabant;
505 1548 610 1589 Tac.
644 1559 745 1588 aun.
772 1546 840 1599 13,
866 1546 923 1588 45
948 1547 1045 1598 qaia
1077 1548 1138 1587 ste
1169 1544 1365 1597 decebat).
1432 1547 1516 1589 Sed
1550 1559 1630 1588 nec
1661 1546 1834 1588 adiecto
1868 1559 1975 1599 opus
2009 1559 2106 1588 esse
2140 1546 2433 1599 astipulamur
2465 1547 2690 1599 MuellerQ
2725 1548 2762 1590 si

166 1618 279 1671 qaod
310 1632 388 1673 pro
422 1620 612 1661 relativo
646 1619 872 1672 accipitur,
907 1623 952 1660 et
974 1619 1165 1661 fortasse
1190 1632 1275 1661 non
1310 1631 1488 1672 prorsus
1521 1618 1744 1660 reicienda
1777 1622 1845 1659 est
1877 1618 2021 1659 altera
2053 1618 2148 1659 eius
2171 1614 2331 1668 vocis²)
2365 1618 2689 1671 interpretatio,
2724 1619 2762 1660 si

169 1692 343 1745 quidem
369 1692 526 1734 Livius
550 1704 635 1733 non
661 1692 796 1733 semel
820 1691 1069 1733 duriuscule
1095 1691 1281 1733 subiecti
1305 1705 1338 1732 s.
1364 1690 1524 1732 obiecti
1563 1690 1927 1743 significationem
1956 1690 2116 1742 omisit,
2146 1695 2195 1732 ut
2221 1703 2275 1732 ex
2299 1690 2662 1732 antecedentibus
2686 1695 2763 1733 aut

166 1763 537 1816 subsequentibus
569 1762 815 1815 repetenda
848 1762 919 1814 sit,
954 1763 1078 1805 velut
1111 1762 1182 1807 22.
1218 1762 1288 1815 32,
1323 1762 1349 1804 5
1381 1762 1487 1801 scire
1531 1774 1619 1801 sese
1651 1759 1801 1811 populi
1839 1760 2025 1801 Romani
2070 1761 2283 1800 aerarium
2324 1759 2426 1800 bello
2470 1760 2685 1800 exhauriri
2727 1763 2764 1800 et

165 1847 257 1874 etant
289 1837 405 1874 iuxta
432 1844 516 1885 pro
547 1832 720 1872 urbibus
752 1833 948 1884 ‹tyrisque
978 1833 1183 1873 sociorum
1216 1845 1265 1872 ae
1302 1845 1382 1883 pro
1415 1832 1547 1883 ‘'apite
1580 1834 1700 1884 atque
1732 1844 1826 1871 arce
1859 1831 2012 1871 Italiae
2040 1833 2213 1883 yeratur
2246 1830 2323 1883 (sc,
2358 1828 2538 1883 bellum),
2584 1842 2762 1882 aequum

165 1906 371 1946 censuisse
404 1911 487 1948 cet.
524 1910 600 1947 aut
634 1904 673 1957 9,
708 1904 778 1955 43,
817 1901 870 1943 13
895 1903 1174 1945 Her-nieorum
1206 1904 1336 1943 tribus
1361 1902 1532 1955 populis
1566 1917 1664 1954 quea
1698 1903 1932 1942 maluerunt
1965 1901 2044 1955 (sc.
2076 1915 2248 1942 suarum
2283 1902 2415 1954 leyum
2447 1899 2758 1953 restitutiaeneom)

164 1991 289 2030 quam
324 1976 540 2029 civitatem,
575 1989 676 2016 suae
708 1974 813 2027 loyes
844 1974 1045 2017 redditae.
1113 1976 1380 2031 Quamquam
1428 1981 1473 2018 et
1505 1975 1581 2017 illo
1615 1975 1709 2018 loco
1742 1973 1992 2018 Gronovius
2026 1971 2072 2013 id
2104 1970 2201 2027 (pro
2233 1971 2287 2024 et)
2320 1986 2411 2014 cam
2445 2008 2454 2016 ,
2490 2008 2497 2017 ,
2534 2005 2542 2013 .
2575 1975 2758 2022 ρωπίαν,

168 2055 213 2094 et
245 2051 326 2093 hoc
358 2050 535 2092 Harant
580 2048 607 2092 l.
643 2062 678 2091 c.
713 2062 752 2101 p.
789 2046 844 2091 63
878 2047 949 2099 qut
981 2047 1025 2088 id
1059 2048 1156 2103 (pro
1191 2046 1309 2100 qnia)
1356 2046 1588 2087 maluerunt
1619 2046 1868 2100 temptavit,
1904 2051 2088 2099 uterque
2122 2045 2470 2089 demonstrativo
2504 2043 2761 2097 pronomine

166 2124 305 2177 illato,
341 2123 456 2177 quod
490 2122 693 2175 quotiens
727 2121 833 2165 alibi
866 2121 1039 2165 Harant
1071 2122 1114 2165 in
1151 2121 1392 2165 orationem
1427 2120 1659 2164 Livianam
1695 2125 1915 2173 tamquam
1949 2118 2246 2162 necessarium
2279 2116 2501 2161 invexerit
2523 2129 2603 2160 nec
2636 2115 2760 2159 nobis

165 2195 453 2252 persuaserit,
487 2208 603 2238 nunc
634 2194 1048 2249 praetermittimus„

385 2265 603 2308 obtinendi
650 2267 775 2310 verbi
821 2267 1038 2311 infinitum
1081 2280 1203 2309 usum
1251 2266 1296 2317 (i.
1347 2281 1385 2319 q.
1437 2264 1604 2319 durare,
1650 2261 1833 2316 manere)
1882 2263 2159 2318 agnoscimus
2205 2262 2337 2305 etiam
2388 2262 2485 2305 Liv.
2526 2260 2595 2309 29,
2629 2260 2699 2310 27,
2734 2259 2760 2302 7

163 2343 316 2381 noctem
349 2340 624 2392 rinseqmentenc
656 2337 800 2379 eadem-
832 2338 965 2391 caliyo
998 2337 1169 2379 obtinuit
1182 2354 1193 2378 .·
1228 2352 1327 2382 nam
1347 2338 1660 2381 Weissenborn
1696 2341 1739 2379 et
1772 2336 1916 2379 lexica
1950 2334 2140 2389 Georgis
2176 2334 2426 2387 Klotziique
2460 2332 2757 2376 accusativum

165 2414 225 2457 ibi
258 2428 284 2456 a
319 2414 452 2456 verbo
487 2412 680 2466 pendere
714 2412 883 2454 volunt.
950 2411 1035 2453 Sed
1076 2411 1259 2464 primum
1306 2410 1586 2453 accusativus
1629 2408 1885 2462 temporalis
1918 2407 2047 2450 Livio
2081 2406 2267 2449 maxime
2312 2404 2543 2448 familiaris
2578 2411 2671 2457 est;
2704 2404 2758 2448 cf.

167 2485 238 2538 24,
274 2485 345 2539 40,
384 2484 438 2528 10
485 2483 593 2524 diem
636 2483 909 2535 insequentem
957 2482 1156 2535 quieuere,
1202 2481 1272 2536 23,
1311 2482 1377 2535 18,
1416 2481 1471 2525 10
1506 2483 1673 2532 partem
1718 2479 1919 2519 maiorem
1952 2477 2099 2518 hiemis
2132 2477 2350 2517 ‹wer-cumn.
2382 2476 2424 2516 in
2459 2475 2571 2515 tectis
2604 2474 2757 2529 babuit,

164 2557 236 2603 26.
274 2558 342 2602 14,
377 2558 404 2600 5
438 2555 521 2597 diei
552 2555 802 2608 insequentis
826 2557 997 2607 partem
1037 2568 1127 2594 eunt
1173 2555 1361 2594 animam
1393 2553 1579 2606 ‹viss-ent,
1629 2553 1669 2596 5.
1705 2552 1746 2606 4,
1781 2551 1807 2593 3
1834 2553 2000 2602 partem
2033 2549 2132 2588 anni
2168 2561 2317 2599 uorum
2350 2546 2489 2601 colere,
2524 2546 2594 2599 22,
2628 2547 2699 2600 59,
2733 2546 2760 2589 4

166 2629 249 2671 diei
281 2628 450 2670 relicum
485 2642 534 2670 ac
564 2631 718 2669 noctem
754 2628 1030 2680 insequentem
1062 2625 1215 2667 vallum
1247 2639 1391 2666 sunaus
1424 2625 1555 2677 tutan,
1590 2624 1661 2669 24.
1691 2623 1758 2677 17,
1784 2622 1808 2666 7
1842 2621 1952 2662 diem
1985 2617 2257 2672 noetemqne3)
2290 2619 2538 2672 nequiquam
2570 2617 2762 2672 saltantis

387 2761 413 2799 ¹)
440 2760 565 2806 Magis
593 2761 760 2805 placeret
788 2759 852 2802 ita,
880 2759 924 2794 cf.
952 2758 1034 2795 Liv.
1061 2757 1118 2801 38,
1149 2758 1203 2801 13,
1231 2759 1253 2793 6
1277 2756 1383 2800 fama
1410 2756 1462 2790 c'ta
1490 2755 1615 2790 tenuit.
1667 2754 1721 2790 Cf.
1758 2753 1872 2789 etiam
1900 2752 1996 2797 quod
2033 2751 2071 2787 in
2099 2750 2210 2786 simili
2250 2749 2440 2785 sententia
2478 2748 2575 2782 dixit
2606 2746 2760 2781 Tacitus

167 2835 250 2858 ann.
282 2824 336 2863 14,
364 2824 386 2857 2
412 2821 478 2854 sed
503 2830 596 2863 quae
628 2819 788 2859 Cluvius,
817 2818 942 2851 eadem
970 2818 1080 2851 ceteri
1106 2828 1245 2867 quoque
1273 2820 1441 2849 auc-tores
1462 2814 1673 2858 prodidere,
1701 2816 1734 2846 et
1757 2813 1864 2854 sama
1889 2811 1960 2845 hue
1984 2811 2149 2844 inclinat.

385 2883 414 2924 ²)
466 2881 673 2916 Pronomen
700 2880 830 2923 utique
857 2878 1152 2923 intellegendum
1180 2884 1238 2913 est
1263 2877 1343 2912 Liv.
1383 2877 1441 2919 21,
1468 2876 1526 2919 61,
1552 2876 1574 2911 2
1614 2873 1787 2908 classicos
1821 2871 1954 2906 milites
1990 2869 2213 2913 navalesque
2240 2867 2359 2903 soct'os
2386 2876 2500 2910 vayos
2522 2864 2762 2910 palantisque

162 2953 235 2987 por
265 2952 376 2985 ayros
395 2939 510 2984 (qnod
533 2939 648 2983 ferme
673 2938 725 2982 fit,
752 2942 792 2972 nt
817 2936 1001 2973 secundae
1026 2947 1084 2971 res
1109 2936 1374 2982 neyleyenttam
1397 2936 1532 2971 creent)
1552 2943 1631 2967 eum
1658 2942 1794 2977 maqna
1822 2930 1933 2965 caede
1959 2930 2010 2963 ad
2034 2938 2147 2964 nares
2174 2926 2355 2971 conpellit.
2410 2926 2607 2963 Sententia
2632 2935 2762 2970 epexe-

168 3004 294 3050 getice
331 3003 521 3044 adiuncta,
558 3002 594 3037 in
636 3011 708 3045 qua
747 3000 840 3036 Tan.
878 2997 1001 3035 Faber
1036 3001 1077 3033 ut
1104 3028 1112 3035 .
1140 3027 1147 3034 .
1179 3026 1186 3034 .
1215 2999 1351 3039 creant,
1383 2995 1551 3040 Doering
1595 2993 1660 3027 ubi
1685 3022 1692 3029 .
1722 3022 1729 3030 .
1757 3021 1764 3030 .
1802 2994 1928 3027 creant
1968 2989 2199 3027 scribendum
2247 2988 2442 3033 duxerunt,
2488 2986 2628 3022 nullam
2662 2985 2761 3020 vitu-

167 3064 403 3109 perationem
439 3062 573 3106 habet3
611 3061 655 3096 cf.
684 3061 838 3095 eandem
866 3060 1050 3094 orationis
1086 3057 1416 3094 conformationem
1453 3058 1559 3091 Caes.
1598 3056 1630 3088 b.
1658 3065 1692 3098 g.
1733 3054 1766 3095 6,
1795 3053 1851 3095 15,
1880 3053 1899 3086 1
1934 3050 1982 3092 ἤι’,
2012 3059 2092 3082 eum
2118 3052 2170 3081 est
2202 3058 2291 3081 usus
2317 3051 2426 3090 atque
2452 3044 2606 3088 aliquod
2630 3044 2762 3078 bellum

166 3123 298 3157 incidit
326 3121 442 3165 (quod
463 3122 543 3163 sere
568 3124 655 3153 ante
686 3119 858 3153 Caesaris
884 3118 1081 3151 adventu-m
1110 3116 1307 3160 quotannis
1335 3115 1501 3149 accidere
1527 3114 1678 3154 solebat,
1711 3113 1768 3145 uti
1792 3115 1857 3144 aut
1882 3110 1959 3153 ipsi
1981 3109 2141 3142 iniurias
2166 3108 2342 3150 inferrent
2369 3109 2435 3139 aut
2459 3104 2589 3138 illatas
2607 3101 2762 3146 propul-

166 3184 322 3225 sarent),
349 3191 472 3216 omnes
498 3180 536 3215 e'n
562 3179 656 3215 bello
682 3182 888 3215 versantur.

385 3243 414 3283 ⁸)
467 3243 512 3278 H.
541 3253 571 3280 e.
596 3251 666 3284 per
690 3250 803 3274 unum
831 3239 926 3274 diem
952 3242 1174 3282 noctemque,
1201 3243 1244 3274 ut
1268 3237 1327 3281 26,
1354 3238 1387 3279 9,
1416 3237 1438 3271 6
1464 3241 1502 3271 et
1528 3235 1585 3277 35,
1612 3233 1670 3276 40,
1689 3233 1723 3276 8,
1751 3230 1846 3265 diem
1872 3240 1917 3264 ac
1942 3232 2085 3264 noctem
2109 3228 2168 3271 22,
2189 3228 2220 3270 1,
2239 3226 2297 3263 20.
2322 3225 2381 3270 27,
2408 3225 2441 3269 4,
2470 3225 2525 3261 12.
2554 3223 2609 3259 14.
2660 3223 2760 3258 Idem

167 3305 211 3340 de
240 3316 283 3340 ea
311 3316 349 3339 re
389 3304 564 3349 positum,
598 3313 692 3346 quae
728 3300 830 3337 nulla
865 3300 1142 3336 intermissione
1176 3298 1340 3334 interdiu
1379 3301 1565 3339 noctuque
1606 3293 1682 3335 fiat,
1720 3291 1875 3336 Madvig
1903 3302 1970 3326 em.
1996 3289 2079 3325 Liv.
2106 3299 2140 3333 p.
2168 3287 2305 3323 487211.
2334 3297 2355 3321 a
2381 3286 2491 3322 Livio
2518 3281 2763 3324 abiudicavit,
