2997 3690
179 123 182 126 ,
1590 92 1684 147 ss
1798 64 1827 115 ἰ
1884 135 1889 142 ,

177 164 226 211 2.

177 310 479 366 abnuentisque
509 309 647 353 taedio
669 310 864 355 laborem.
914 313 1042 370 Quod
1065 327 1324 369 quamquam
1356 314 1452 368 ipse
1483 314 1949 359 auctor·coniecturae
1980 315 2025 359 in
2058 318 2215 372 altera,
2247 330 2361 372 quae
2394 331 2435 361 a.
2459 314 2575 362 1882
2597 317 2785 373 prodiit,

178 396 333 427 eorum
374 385 584 428 librorum
626 386 887 428 recensione
930 386 977 428 in
1010 387 1245 429 verborum
1287 385 1484 429 ordinem
1528 397 1616 429 non
1649 385 1818 440 recepit
1851 406 1905 413 -
1940 390 1991 429 ut
2023 392 2123 431 erat
2155 401 2264 433 sane
2296 388 2571 433 dubitantior
2602 388 2657 432 de
2689 389 2783 434 suis

176 456 441 501 commentis
462 461 681 511 vergente
703 462 857 501 aetate
879 456 1024 500 factus
1044 479 1113 510 —‚
1132 456 1531 501 tamen-etiamtum
1554 456 1779 512 probabile
1797 457 1940 502 videri
1960 458 2177 503 iudicavit
2207 462 2335 516 ,quod
2351 473 2487 516 aegre
2504 461 2784 505 accusativus

176 523 527 573 desideraretur‘
572 524 733 583 (praef.
766 525 871 582 IX),
913 527 1141 581 traxitque
1186 528 1457 572 auctoritate
1499 542 1580 573 sua
1622 528 1882 583 Novakium,
1929 529 2004 583 qui
2045 529 2219 583 quidem
2258 533 2472 576 incertum
2514 545 2571 576 an
2602 532 2783 587 propius

180 599 395 644 traditam
418 599 685 654 scripturam
708 599 916 644 accedere
939 612 987 643 se
1009 604 1137 643 ratus
1158 599 1291 650 fessos
1310 598 1610 654 abnuentesque
1640 613 1690 642 esc
1719 597 1856 642 taedio
1876 598 2059 642 laborem
2080 614 2220 655 nuper
2240 604 2517 647 scribendum
2537 604 2783 657 proposuit.

177 671 273 714 Nos
303 671 443 727 igitur
489 671 622 728 longe
653 671 786 715 aliter
826 670 1055 716 sentimus.
1119 671 1180 717 Ut
1225 671 1341 717 enim
1373 670 1648 728 Madvigium
1680 671 1921 727 audiamuS,
1965 672 2081 727 quod
2111 672 2151 718 is
2183 674 2403 718 emendat.
2466 676 2564 719 Liv.
2599 691 2641 730 p.
2674 671 2784 718 402²

175 742 359 782 abnuere
389 742 530 782 labore
561 743 671 787 nihil
703 754 804 787 esse
837 742 1124 789 asseveravit
1154 742 1432 801 argumentis
1461 751 1552 790 uon
1583 742 1783 800 adiectis,
1815 743 1871 791 de
1901 742 2090 791 ablativi
2121 744 2312 791 causalis
2344 745 2622 792 dubitatione
2653 746 2782 792 facile

180 817 406 858 refutatur
450 817 523 858 vel
569 828 655 857 uno
697 817 792 859 1000
835 817 1025 859 Liviano
1058 828 1085 858 a
1116 813 1480 859 Weissenbornio
1522 816 1717 872 ascripto
1759 812 1831 872 35,
1865 814 1906 871 5,
1938 815 1965 861 5
2013 818 2050 859 et
2090 828 2229 860 caesos
2263 814 2498 871 permultos
2527 831 2613 861 esse
2642 819 2681 861 et
2711 817 2784 872 qui

177 886 403 938 supersint,
416 887 583 938 partim
604 886 746 927 labore
768 888 934 940 partim
955 886 1104 941 metu¹)
1122 887 1336 927 remisisse
1366 885 1561 928 ardorem
1584 900 1766 942 puqnae.
1820 889 1975 944 quue
2007 889 2150 934 minus
2183 889 2374 935 duritiae
2396 889 2620 935 ablativus
2642 889 2784 933 labore

177 974 231 1004 eo
274 961 329 1004 de
369 973 454 1015 quo
497 960 648 1016 agitur
694 961 790 1004 loco
823 961 970 1013 habet,
1004 961 1118 1014 quod
1151 973 1238 1004 non
1272 958 1329 1004 ad
1360 973 1492 1004 unum
1524 958 1742 1002 abnuentis
1772 961 1851 1005 sed
1882 961 1938 1005 ad
1967 960 2101 1014 fessos
2132 963 2266 1007 etiam
2299 963 2504 1017 refertur,
2538 976 2618 1007 nec
2649 965 2781 1015 solus,

175 1033 258 1076 sed
290 1032 550 1076 coniunctus
582 1045 679 1076 cum
712 1032 856 1077 altero
900 1029 1050 1081 taedio,
1096 1036 1146 1075 ut
1187 1045 1268 1076 nec
1313 1045 1420 1087 opus
1464 1035 1524 1076 sit
1563 1029 1607 1071 ἓν
1637 1029 1704 1071 oui
1736 1029 1857 1080 δυοῖν,
1902 1030 2016 1089 quod
2064 1040 2229 1089 amant,
2261 1033 2526 1091 intellegere
2552 1041 2781 1090 tamquam

178 1102 316 1145 taedio
349 1100 528 1151 laboris;
568 1102 625 1148 cf.
657 1103 700 1154 8,
733 1103 806 1158 24,
843 1103 896 1148 11
929 1103 1033 1156 sessi
1065 1106 1175 1145 metu
1205 1116 1256 1146 ae
1286 1101 1427 1145 labore
1458 1130 1515 1136 -—
1547 1102 1620 1159 22,
1654 1103 1694 1160 2,
1727 1104 1754 1149 4
1794 1104 1833 1147 si
1871 1103 2011 1147 taedio
2052 1103 2207 1148 laboris
2249 1104 2475 1161 lonqaeque
2503 1107 2596 1150 viae
2626 1104 2783 1149 dilabe-

176 1179 334 1227 rentur,
368 1175 439 1231 21,
457 1175 529 1231 35,
549 1175 576 1219 6
608 1176 736 1231 fessis
768 1175 904 1217 taedio
936 1179 993 1218 tot
1023 1176 1243 1229 malorum,
1275 1178 1380 1222 Tac.
1406 1188 1507 1223 ann.
1533 1174 1665 1232 1239
1682 1172 1819 1220 taedio
1851 1187 2050 1220 curarum
2078 1176 2228 1232 fessus.
2277 1177 2369 1224 Nec
2400 1179 2543 1235 magis
2574 1177 2782 1222 abnuendi

176 1253 361 1292 verbum
404 1249 609 1292 absolute
652 1251 841 1306 positum
885 1250 1118 1294 offensioni
1166 1251 1300 1294 debet
1344 1261 1457 1294 esse.
1529 1249 1667 1306 Quem
1712 1257 1837 1294 usum
1882 1249 1998 1304 quod
2040 1249 2186 1306 poetis
2229 1249 2418 1296 maxime
2460 1247 2780 1297 Weissenborn

178 1324 394 1377 vindicat,
417 1336 505 1366 non
531 1322 710 1365 memini
738 1335 819 1365 nec
847 1327 997 1366 tamen
1025 1323 1080 1366 de
1108 1322 1162 1366 iis
1194 1321 1379 1366 affirmo.
1431 1320 1649 1366 Fortasse
1681 1322 1910 1378 cogitabat
1942 1321 2076 1367 alium
2108 1322 2326 1368 infinitum
2360 1323 2453 1368 eius
2484 1322 2610 1369 verbi
2642 1337 2783 1379 usum,

176 1409 305 1451 quem
350 1408 466 1439 nunc
505 1408 593 1439 non
633 1395 885 1450 quaerimus
929 1399 975 1438 et
1019 1395 1232 1439 habemus
1267 1394 1390 1438 velut
1420 1394 1520 1438 Liv.
1554 1392 1595 1448 4,
1632 1391 1701 1449 13,
1738 1391 1794 1435 12
1838 1391 2166 1448 approbantibus
2211 1394 2367 1438 eunctis
2389 1394 2533 1449 primo
2564 1394 2782 1449 Quinctius

176 1466 371 1523 abnuere,
406 1466 446 1522 6,
480 1465 553 1523 24,
588 1466 615 1511 9
648 1465 848 1508 abnuente
879 1479 928 1508 ae
951 1465 1197 1519 prohibente
1226 1465 1381 1520 colleqa
1420 1470 1502 1511 cet.
1576 1468 1664 1512 Sed
1696 1471 1796 1511 utut
1827 1467 1872 1511 id
1916 1474 1996 1522 est,
2041 1481 2200 1523 prosae
2233 1469 2494 1523 scriptorum
2525 1469 2780 1514 testimonia

175 1553 265 1584 non
313 1540 470 1584 deesse
518 1543 636 1594 puto,
736 1538 936 1583 Sallustii
999 1539 1171 1593 quidem
1221 1540 1465 1594 exemplum
1514 1553 1541 1583 a
1587 1539 1951 1583 Weissenbornio
1997 1539 2223 1584 laudatum
2272 1563 2329 1571 —
2372 1546 2499 1585 extat
2544 1545 2690 1585 autem
2734 1542 2779 1585 in

175 1612 424 1667 Iugurthae
455 1611 573 1655 bello
606 1624 641 1654 0.
678 1610 749 1666 68,
783 1609 810 1655 3
842 1611 912 1654 his
944 1611 1120 1655 verbis:
1169 1610 1226 1652 ibt
1265 1609 1416 1652 milites
1439 1610 1572 1664 fessos
1617 1609 1780 1652 itineris
1810 1608 2098 1664 maqnitudine
2128 1614 2165 1652 et
2195 1612 2283 1653 iam
2314 1610 2609 1654 abnuentis
2640 1613 2780 1653 omnia

174 1682 290 1724 docet
322 1688 406 1729 cet.
439 1705 499 1713 —
534 1684 592 1726 ad
632 1683 761 1727 fidem
805 1682 1051 1727 faciendam
1095 1696 1181 1726 non
1226 1683 1400 1727 omnino
1443 1688 1594 1738 aptum
1627 1687 1710 1737 est,
1744 1695 2002 1737 quamquam
2037 1696 2105 1727 me
2138 1682 2313 1738 quidem
2344 1684 2417 1728 vel
2449 1689 2631 1738 propter
2663 1683 2779 1728 simi·

175 1756 411 1800 litudinem
443 1754 566 1799 Livii
598 1756 836 1799 verborum
866 1754 1000 1808 sessos
1032 1753 1327 1808 abnuentesque
1361 1751 1498 1795 taedio
1540 1756 1577 1795 et
1618 1752 1759 1796 labore
1804 1754 1859 1798 iis
1907 1754 2145 1809 astipulari
2188 1755 2344 1809 fateor,
2387 1756 2461 1810 qui
2493 1755 2634 1797 omnia
2666 1754 2780 1797 docet

174 1828 485 1885 coniungenda
517 1832 702 1872 censent
735 1827 887 1872 eodem
919 1828 1058 1883 modo,
1092 1840 1177 1883 quo
1209 1826 1267 1871 ib.
1291 1840 1328 1872 c.
1354 1825 1452 1882 112,
1485 1825 1512 1871 3
1545 1828 1689 1869 cuncta
1720 1824 1895 1869 edoctus.
1940 1827 2032 1872 Nec
2063 1825 2239 1872 dubium
2272 1829 2398 1873 n'obis
2429 1833 2511 1878 est,
2543 1829 2647 1883 quin
2678 1843 2780 1873 acer

179 1901 483 1944 Sallustianae
515 1900 780 1944 elocutionis
803 1904 1003 1945 sectator
1024 1900 1188 1944 Lucius
1212 1899 1451 1955 Septimius
1484 1900 1652 1955 epbem.
1686 1900 1788 1944 bell.
1822 1900 1942 1956 Troj.
1977 1899 2017 1955 3,
2057 1898 2112 1944 13
2135 1900 2385 1955 scripserit:
2418 1897 2489 1941 ubi
2519 1897 2578 1941 ad
2607 1899 2782 1942 multum

174 1971 262 2013 diei
308 1971 483 2013 barbari
530 1971 675 2012 intenti
705 1970 856 2013 iaculis
885 1971 989 2025 fessi
1019 1972 1106 2012 iam
1136 1984 1265 2025 neque
1298 1972 1356 2013 ita
1386 1970 1636 2013 vehementes
1667 1970 2015 2022 animadvertunt,
2050 1983 2101 2013 ex
2122 1974 2250 2024 parte
2280 1984 2366 2012 una
2396 1970 2528 2013 nostri
2548 1974 2779 2025 erunzpunt,

175 2044 517 2097 ine-arsantesque
546 2043 765 2084 sinistrum
798 2042 909 2084 latus
952 2042 1137 2096 fundunt
1177 2045 1432 2098 suyantque:
1477 2056 1606 2098 neque
1647 2041 1774 2085 multo
1798 2047 1896 2097 post
1932 2056 1982 2085 ex
2012 2042 2095 2085 alio
2127 2043 2496 2086 abnuentibus
2527 2042 2611 2098 (sic
2642 2045 2780 2089 codex

176 2114 500 2169 Berolinensis)
547 2116 634 2156 iam
682 2114 879 2156 barbaris
926 2128 976 2156 ae
1019 2115 1109 2156 sine
1154 2115 1240 2156 ulla
1288 2114 1533 2169 difficultate
1578 2116 1732 2165 ver.s·is;
1788 2130 1886 2160 nam
1933 2116 2049 2171 quod
2080 2129 2220 2170 nuper
2251 2115 2384 2160 Ferd.
2419 2116 2603 2160 Meister
2647 2117 2780 2160 anxie

174 2189 517 2243 Sangallensem
551 2185 749 2243 librum²)
783 2194 962 2232 secutus
996 2189 1136 2232 edidit
1158 2186 1433 2228 adnuentibus
1455 2188 1634 2232 difficile
1667 2193 1738 2231 est
1770 2188 1826 2231 ad
1857 2187 2165 2243 explicandum
2198 2200 2341 2241 neque
2374 2185 2627 2238 abeuntibus,
2662 2187 2778 2242 quod

176 2262 414 2305 Perizonio
448 2262 727 2305 scribendum
767 2260 1014 2314 videbatur,
1048 2260 1284 2303 memoriae
1317 2261 1514 2303 codicum
1547 2260 1783 2303 satisfacit.
1848 2259 2024 2303 Certius
2057 2247 2302 2314 exemplum
2325 2259 2507 2303 Tacitus
2537 2259 2777 2303 brevitatis

174 2335 295 2378 int-er
342 2348 505 2389 paucos
549 2335 777 2377 studiosus
827 2334 1018 2387 scriptor
1065 2339 1111 2376 et
1160 2334 1234 2387 qui
1264 2334 1403 2376 multa
1434 2333 1480 2376 in
1513 2333 1718 2376 absoluto
1751 2333 1986 2375 verborum
2032 2343 2114 2374 usu
2146 2330 2243 2385 ipse
2275 2330 2470 2384 novavit,
2504 2330 2772 2385 suppeditat,

174 2406 214 2448 si
246 2407 373 2449 modo
407 2407 721 2449 auctoritatem
754 2405 909 2460 optimi
941 2405 1045 2448 libri
1068 2405 1256 2448 Medicei
1279 2404 1493 2458 sequaris.
1558 2403 1610 2447 In
1643 2415 1727 2457 quo
1760 2415 1855 2447 cum
1887 2415 1987 2446 ann.
2025 2401 2094 2457 13,
2120 2401 2176 2446 35
2209 2402 2317 2446 haec
2352 2400 2519 2456 scripta
2548 2401 2778 2457 legantur:

397 2562 424 2604 ¹)
476 2561 596 2597 Huius
635 2560 820 2596 orationis
857 2560 991 2595 similis
1027 2559 1185 2595 habetur
1218 2559 1277 2597 25.
1304 2559 1362 2602 24,
1390 2558 1433 2594 11
1470 2558 1514 2594 de
1540 2557 1716 2594 Marcello
1744 2557 1866 2603 ciptis
1893 2556 2084 2602 Syracusis
2110 2555 2384 2592 illacrimante:
2410 2553 2656 2590 illam-imam
2682 2555 2779 2599 (sine

174 2635 265 2659 casu
290 2624 314 2659 i.
334 2635 367 2668 q.
395 2621 739 2670 ἀνακλαύσασθαι,
766 2625 809 2657 ut
843 2619 1079 2664 inqemiseere
1104 2619 1269 2665 aliaque)
1306 2617 1443 2653 dieitur
1461 2618 1604 2662 partim
1629 2616 1770 2662 qaudio
1796 2619 1925 2652 tantae
1943 2619 2185 2661 perpetratae
2208 2615 2272 2660 rei,
2305 2615 2449 2660 partim
2482 2618 2627 2651 vetusta
2658 2613 2782 2660 yloria

172 2683 288 2719 urbis.
338 2684 421 2720 Non
447 2683 539 2719 tulit
564 2683 715 2718 Harant
741 2682 826 2724 (em.
854 2685 894 2718 et
920 2682 1003 2716 adn.
1032 2681 1078 2716 ad
1098 2681 1138 2716 Τ.
1158 2680 1306 2716 Livium
1328 2691 1362 2725 p.
1384 2680 1469 2722 115)
1488 2679 1583 2715 hanc
1609 2679 1796 2715 diversam
1823 2677 2075 2714 ablativorum
2100 2678 2285 2714 rationem
2311 2681 2352 2713 et
2371 2675 2514 2720 partim
2540 2674 2608 2722 [in]
2635 2678 2782 2710 vetusta

176 2744 298 2789 qloria
324 2742 427 2778 urbis
452 2743 565 2779 scribi
592 2742 716 2786 iussit,
744 2741 840 2787 quod
864 2742 973 2777 nobis
999 2741 1146 2786 quidem
1171 2741 1289 2776 multo
1316 2740 1541 2776 insolentius
1566 2739 1706 2774 dictum
1740 2739 1903 2775 videtur.
1963 2739 2122 2774 Poterat
2147 2748 2238 2773 sane
2264 2737 2516 2773 ablativorum
2540 2737 2641 2772 ratio
2668 2747 2779 2772 exae-

173 2805 282 2850 quari
309 2804 417 2840 velut
442 2803 638 2839 scribendo
658 2801 804 2846 partim
828 2800 970 2845 gaudio
995 2801 1140 2844 partim
1172 2800 1349 2834 memoria
1374 2802 1539 2833 vetustae
1562 2798 1705 2841 elon-iae
1730 2797 1842 2841 urbae,
1869 2802 1912 2833 ut
1937 2798 2079 2842 legitur
2097 2798 2154 2841 39,
2173 2797 2231 2839 49,
2251 2797 2274 2832 5
2292 2795 2546 2840 cognitumque
2565 2794 2729 2839 primum
2754 2804 2780 2828 a

175 2861 399 2898 verecundia
416 2861 666 2906 memoriaque
683 2860 894 2895 meritorum
908 2859 1012 2894 haud
1023 2869 1127 2895 secus
1141 2869 1251 2904 quam
1267 2858 1395 2893 ducem
1411 2868 1517 2893 suum
1536 2857 1721 2895 attollunt.
1756 2859 1826 2894 Sed
1845 2858 1958 2894 aliter
1975 2857 2152 2893 maluisse
2169 2857 2322 2892 videtur
2338 2856 2481 2900 Livius,
2499 2859 2543 2892 ut
2559 2855 2619 2891 hic
2636 2866 2779 2900 quoque

174 2925 270 2961 duae
315 2934 463 2967 causae,
498 2933 593 2968 quae
629 2922 676 2957 ad
715 2926 862 2968 tempus
896 2921 1059 2957 animum
1098 2925 1319 2967 permovent
1354 2931 1578 2966 quarumque
1606 2920 1731 2956 altera
1756 2919 1796 2956 in
1821 2919 1968 2956 homine
1994 2918 2121 2965 posita
2148 2921 2219 2960 est,
2246 2917 2368 2954 altera
2395 2920 2504 2953 extra
2530 2927 2623 2961 eum,
2651 2915 2780 2952 eodem

174 2990 282 3022 sexto
310 2996 399 3021 casu
417 2983 653 3020 efferrentur.
702 2983 756 3018 De
782 2982 1005 3028 posterioris
1031 2981 1192 3018 ablativi
1221 2981 1344 3027 specie
1371 2992 1458 3017 rara
1484 2980 1551 3017 illa
1578 2978 1723 3026 quidem
1750 2979 1788 3017 in
1802 2979 1938 3016 Latino
1965 2990 2132 3016 sermone
2160 2973 2256 3015 satis
2282 2977 2358 3014 erit
2383 2976 2615 3014 admonuisse
2643 2987 2781 3022 eorum,

173 3057 269 3091 quae
296 3046 429 3081 Livius
454 3044 608 3089 scripsit
634 3043 693 3087 22,
713 3044 769 3081 11.
788 3043 811 3077 6
839 3041 943 3086 apud
967 3042 1064 3075 cives
1088 3041 1280 3085 sociosque
1304 3051 1326 3074 v
1341 3043 1558 3074 etuatate
1582 3040 1659 3074 iam
1678 3049 1800 3085 prope
1836 3039 1969 3074 oblitos
1995 3039 2073 3074 etue
2096 3037 2244 3082 imperii
2268 3037 2499 3082 (dictaturae
2523 3036 2670 3074 scilicet
2687 3042 2782 3083 -post

174 3106 312 3143 multos
341 3117 458 3141 annos
485 3110 564 3140 tum
586 3105 743 3150 primum
764 3104 997 3147 revocatae),
1013 3103 1143 3138 Cicero
1162 3102 1256 3138 Phil.
1277 3102 1383 3145 1,12‚
1400 3101 1448 3136 30
1472 3100 1730 3144 siqnifieamnt
1756 3110 1795 3135 se
1820 3099 2068 3142 beneficio
2092 3108 2211 3133 novo
2237 3097 2450 3132 memoriam
2477 3097 2609 3131 veteris
2640 3096 2781 3133 doloris

173 3160 365 3202 abiecisse.
415 3165 531 3203 Plura
558 3177 603 3202 ex
630 3164 822 3201 Ciceronis
846 3163 954 3200 libris
980 3163 1138 3208 Madvig
1163 3163 1208 3199 de
1234 3162 1295 3199 fin.
1323 3162 1355 3206 1,
1383 3161 1440 3205 10,
1468 3162 1514 3197 33
1540 3172 1575 3207 p.
1601 3160 1675 3204 73³,
1703 3171 1749 3198 ex
1774 3161 1901 3197 Taciti
1927 3159 2140 3206 Nipperdey
2167 3159 2215 3195 ad
2241 3170 2325 3195 anu.
2352 3159 2386 3203 3,
2412 3158 2460 3194 24
2499 3163 2779 3203 congesserunt.

391 3226 421 3270 ²)
465 3225 696 3271 Quamquam
721 3225 761 3261 in
788 3235 830 3261 eo
859 3228 918 3260 est
943 3221 1201 3266 annuentibus,
1227 3226 1357 3260 natum
1384 3222 1478 3259 illud
1505 3222 1652 3268 quidem
1679 3232 1724 3258 ex
1750 3218 1996 3255 adnuentibus
2021 3232 2087 3266 pro
2113 3218 2197 3256 abn.
2226 3223 2394 3263 exarato,
2420 3230 2490 3265 quo
2517 3218 2648 3255 mendo
2673 3219 2782 3255 velut

173 3288 212 3323 in
238 3286 510 3332 Bambergensi
538 3286 664 3321 codice
690 3285 793 3320 Flori
819 3284 854 3328 2,
881 3283 904 3318 4
931 3284 980 3327 (3,
1009 3284 1070 3325 16)
1097 3282 1119 3329 ξ
1144 3284 1167 3320 2
1193 3295 1227 3329 p.
1253 3284 1312 3327 81,
1341 3283 1386 3318 10
1411 3282 1509 3318 Jahn
1536 3279 1780 3316 annuentibus
1805 3292 1870 3327 pro
1897 3280 1982 3317 abn.
2010 3280 2188 3326 scriptum
2215 3283 2334 3316 extat.
