2997 3690
0 178 36 226 4

0 327 244 378 posuerunt
288 323 436 369 active
486 327 674 371 Plautus
723 325 861 368 Stich.
907 322 949 377 5,
985 323 1027 376 5,
1064 323 1119 367 15
1166 320 1293 377 (756)
1339 335 1551 376 nunquam
1593 321 1737 375 edepol
1781 324 1877 366 med
1906 325 2007 368 istoc
2037 327 2184 377 vinces,
2217 326 2317 381 quin
2347 339 2418 380 eqo
2450 324 2603 368 ibidem

0 394 207 447 pruriam,
242 395 422 440 Curtius
455 395 497 452 8,
531 394 559 438 2
593 394 674 451 (6),
711 394 764 439 11
800 393 876 435 diu
899 394 1096 447 precibus
1137 394 1328 447 ipsorum
1368 392 1613 436 reluctatum
1642 406 1781 448 reyem
1811 407 1936 448 aeqre
1964 397 2157 450 vicerunt,
2190 401 2234 440 ut
2264 398 2399 440 cibum
2431 400 2605 454 caperet,

0 467 183 521 passive
216 468 433 511 Horatius
467 482 535 523 ep.
573 468 642 522 17,
677 466 735 510 27
780 477 876 517 erqo
918 468 1114 519 neyatum
1158 463 1223 520 (=
1258 468 1373 520 quod
1407 465 1637 520 negaram)
1668 466 1808 507 vincor
1837 468 1885 507 ut.
1913 467 2083 510 credam
2112 471 2251 521 miser,
2285 471 2464 515 Tacitus
2497 483 2599 514 ann.

2 537 73 592 14,
109 537 168 581 60
201 538 243 577 vi
275 541 569 579 tormentorum
601 538 718 578 victis
759 535 1026 591 quibusdam,
1068 540 1114 577 ut
1158 536 1269 590 (cod.
1314 539 1430 581 Med.
1469 537 1508 577 si
1563 538 1800 581 manifesto
1844 538 2004 592 prave)
2056 539 2172 592 falsa
2222 541 2462 590 adnuerent,
2506 543 2603 596 ipse

0 610 156 654 Livius
203 608 242 664 9,
288 608 328 664 3,
376 608 405 653 8
458 622 650 651 consensu
695 607 880 648 omnium
926 608 1056 649 victus
1101 612 1171 658 est,
1214 611 1258 648 ut
1300 609 1438 661 ipsum
1479 608 1772 663 (Herennium
1810 610 2016 654 Pontium
2063 611 2256 668 patrem)
2301 614 2343 655 in
2387 612 2604 655 consilium

3 681 164 735 acciret,
175 678 208 735 ¹)
231 685 387 725 eontra
420 682 533 725 idem
567 681 663 724 sine
697 680 870 724 obiecto
905 680 945 734 3,
974 679 1045 735 29,
1080 679 1108 724 8
1131 679 1274 733 plebes
1304 681 1413 731 vicit,
1444 684 1489 722 ut
1519 681 1710 735 quintum
1741 680 1903 723 eosdem
1934 681 2121 723 tribunos
2150 687 2347 736 crearent,
2380 685 2420 740 4,
2445 684 2516 740 25,
2546 684 2599 729 14

0 752 129 794 vicere
159 750 329 807 tribuni,
363 755 408 794 ut
439 751 563 806 leyem
587 751 829 805 perferrent
860 749 934 805 (cf.
956 743 1029 806 37,
1057 750 1125 807 16,
1149 749 1176 793 4
1203 752 1467 804 pervicerunt
1497 751 1662 806 quidem
1693 753 1832 801 remis,
1866 755 1911 794 ut
1941 755 2117 795 tenerent
2148 755 2339 810 terram).
2403 758 2604 811 Eundem

0 837 120 869 usum
171 837 365 881 agnosco
398 825 441 868 in
489 824 640 869 verbis
675 824 873 868 Suetonii
921 824 1017 868 Tib.
1064 823 1122 868 37
1164 822 1386 866 histriones
1418 858 1427 866 .
1464 858 1488 872 ,
1509 857 1518 866 .
1554 861 1563 869 .
1596 823 1793 878 releqavit
1838 838 1909 867 nec
1946 827 1993 867 ut
2029 828 2236 868 revocaret
2276 840 2476 881 umquam
2505 827 2605 871 ullis

0 894 141 949 populi
172 895 371 949 precibus
395 896 535 949 potuit
566 893 752 950 evincif)
795 896 850 940 cf.
896 897 1052 940 Livius
1085 896 1127 951 2,
1162 896 1203 950 4,
1239 896 1266 940 3
1309 896 1495 937 evincunt
1527 894 1732 944 instando,
1773 898 1820 936 ut
1850 895 2010 938 litterae
2040 897 2120 939 sibi
2151 896 2209 939 ad
2244 898 2497 953 Tarquinios
2527 899 2603 942 ‹la-

0 965 197 1022 rentur.³)
277 968 477 1022 Denique
543 982 597 1011 ne
658 968 768 1011 illud
831 968 1004 1021 quidem
1058 969 1500 1022 praetermittendum
1548 968 1593 1011 in
1650 969 1732 1012 hac
1784 982 1831 1012 re
1895 969 2211 1026 existimamus,
2270 972 2385 1026 quod
2445 973 2601 1017 Livius

5 1040 214 1083 similiter
237 1038 596 1092 perpellendi
628 1042 764 1084 verbo
798 1044 843 1083 et
876 1040 1081 1084 absolute
1114 1046 1160 1084 et
1192 1054 1295 1084 casu
1327 1040 1516 1083 nominis
1549 1039 1701 1083 addito
1734 1052 1839 1083 usus
1887 1045 1968 1094 est,
2003 1043 2127 1085 velut
2160 1041 2199 1097 7,
2233 1042 2304 1097 41,
2338 1042 2365 1086 7
2400 1042 2600 1095 perpulit,

0 1113 41 1152 ut
72 1109 119 1152 id
151 1124 310 1164 quoque
339 1110 522 1163 ferretur
555 1109 627 1164 (cf.
667 1111 704 1164 1,
739 1111 809 1166 45,
842 1110 883 1155 2.
948 1110 988 1164 2,
1024 1110 1094 1166 31,
1127 1112 1167 1156 5.
1233 1111 1272 1167 3,
1305 1111 1376 1166 50,
1416 1110 1482 1159 11.
1548 1110 1587 1166 9,
1621 1110 1692 1166 24,
1726 1110 1767 1156 4.
1831 1110 1903 1165 31,
1938 1111 1979 1156 7.
2028 1111 2099 1167 24,
2122 1112 2194 1166 35,
2218 1113 2259 1157 5.
2309 1113 2379 1169 25,
2402 1113 2473 1168 27,
2498 1110 2537 1155 2.
2558 1113 2599 1158 8.

0 1181 67 1237 33,
110 1182 151 1236 8,
193 1182 221 1226 2
265 1181 383 1236 etc.),
429 1184 506 1226 sed
556 1183 597 1236 7,
633 1182 703 1227 36.
739 1182 796 1226 10
832 1182 1018 1235 perpulit
1058 1183 1274 1232 consulem,
1316 1186 1361 1223 ut
1402 1182 1536 1224 hostes
1578 1181 1874 1235 adgrederetur
1917 1180 1990 1235 (cf.
2039 1184 2076 1236 1,
2112 1183 2183 1236 59,
2221 1184 2289 1228 11.
2354 1185 2394 1239 4,
2441 1185 2507 1238 12,
2557 1184 2599 1228 8.

0 1252 38 1308 8,
76 1252 146 1308 16,
181 1253 221 1297 9.
289 1252 363 1306 25,
397 1252 468 1305 28,
501 1253 543 1297 5.
608 1253 680 1308 28,
716 1253 787 1309 35,
826 1253 852 1298 3
886 1252 1005 1308 etc),
1041 1260 1087 1298 et
1118 1255 1302 1299 fortiore
1335 1255 1471 1298 verbo
1495 1251 1838 1307 percellendi
1870 1250 1991 1308 („(lie
2025 1255 2360 1299 erschiitternde
2377 1256 2600 1311 Wirkung

0 1322 220 1369 ausiiben“
258 1326 313 1368 H.
354 1326 398 1367 J.
447 1323 655 1379 Mueller)
705 1325 745 1379 3,
781 1325 852 1379 30,
887 1326 914 1369 5
957 1326 995 1366 is
1033 1329 1164 1366 metus
1197 1324 1387 1378 perculit,
1432 1329 1476 1366 ut
1506 1325 1633 1366 scribi
1673 1323 1845 1365 militem
1876 1323 2032 1365 tribuni
2062 1325 2253 1375 sinerent,
2286 1332 2440 1372 contra
2471 1329 2527 1372 ib.
2564 1342 2599 1371 c,

0 1396 67 1452 38,
104 1396 130 1440 6
163 1396 202 1438 is
228 1410 365 1448 pavor
401 1396 582 1449 perculit
625 1396 886 1447 decemviros,
927 1400 973 1438 ut
1011 1401 1200 1438 senatum
1241 1397 1367 1439 simul
1411 1396 1570 1438 (luobus
1612 1396 1971 1438 circumstantibus
2013 1396 2156 1437 urbem
2203 1396 2319 1439 bellis
2348 1398 2600 1440 consulerent

0 1475 41 1515 et
74 1468 145 1523 42,
181 1468 251 1523 67,
290 1469 312 1513 1
363 1469 429 1510 hic
468 1468 558 1510 dies
602 1472 637 1511 et
684 1468 891 1511 Romanis
934 1469 1076 1523 refecit
1117 1469 1279 1511 animos
1322 1472 1357 1511 et
1402 1467 1557 1511 Persea
1605 1467 1798 1521 perculit,
1839 1471 1884 1510 ut
1925 1467 2014 1511 dies
2046 1482 2206 1522 paucos
2255 1468 2313 1511 ad
2364 1469 2601 1523 Mopselum

0 1544 182 1583 moratus
213 1540 436 1594 praesidio
478 1542 583 1583 satis
627 1540 767 1583 valido
812 1540 870 1582 ad
902 1541 1096 1583 Gonnum
1137 1541 1277 1583 relicto
1319 1541 1362 1583 in
1395 1540 1692 1583 Macedoniam
1723 1541 1922 1594 reciperet
1960 1541 2125 1594 copias:
2171 1556 2271 1587 nam
2314 1544 2426 1587 hunc
2460 1544 2600 1588 locum

0 1615 93 1669 ipsa
124 1614 447 1658 contrariorum
492 1614 664 1658 ratione
711 1615 826 1658 tueri
872 1615 956 1658 duo
998 1615 1169 1669 priores
1210 1619 1364 1658 contra
1409 1613 1624 1658 Gronovii
1671 1614 1968 1658 coniecturam
2001 1615 2233 1669 utrobique
2257 1613 2447 1667 perp-ulit
2477 1629 2600 1670 repo-

0 1686 143 1729 nentis
176 1691 296 1729 recte
330 1686 386 1729 H.
422 1687 465 1729 J.
501 1686 690 1729 Mueller
721 1686 943 1728 monuisse
977 1687 1102 1728 nobis
1136 1686 1326 1729 videtur.

213 1758 416 1800 Tacitum
463 1770 596 1811 supra
639 1758 890 1807 statuimus
933 1770 1028 1800 cum
1064 1755 1332 1807 pervincendi
1376 1758 1555 1800 verbum
1600 1770 1693 1799 cum
1741 1757 1915 1800 obiecto
1957 1758 2177 1811 personali
2210 1758 2417 1801 adiuncta
2448 1772 2526 1812 per
2557 1760 2603 1798 ut

0 1829 221 1873 sententia
263 1834 460 1883 poneret,
506 1828 625 1872 Livii
679 1829 945 1872 auctoritate
1004 1829 1083 1872 uti.
1161 1829 1245 1871 Hic
1310 1829 1501 1882 scriptor
1547 1829 1702 1882 quanti
1753 1829 1962 1872 momenti
2015 1829 2071 1872 ad
2127 1829 2271 1872 Taciti
2321 1830 2413 1873 stili
2461 1830 2594 1874 histo-

0 1901 128 1944 ricum
172 1901 458 1944 excolendum
500 1900 636 1943 fuerit
679 1905 725 1943 et
757 1905 1030 1955 quantopere
1079 1905 1123 1942 et
1157 1901 1295 1943 verba
1327 1904 1372 1943 et
1403 1900 1651 1943 sententias
1684 1900 1724 1942 ei
1758 1900 2109 1954 suppeditaverit
2140 1913 2399 1956 quamquam
2431 1902 2476 1945 in
2507 1903 2601 1945 uni·

0 1986 168 2017 versum
200 1986 286 2016 non
319 1972 436 2027 fugit
470 1973 699 2025 utriusque
737 1972 1027 2025 interpret-es,
1072 1976 1217 2014 tamen
1260 1972 1376 2014 haud
1424 1985 1525 2014 raro
1568 1985 1724 2026 parum
1757 1972 1985 2015 aestimari
2018 1978 2138 2026 puto.
2203 1974 2301 2028 Qua
2332 1974 2377 2017 in
2408 1988 2456 2017 re
2489 1974 2600 2018 libet

0 2045 142 2089 mirari
177 2058 264 2088 non
299 2046 393 2087 solo
445 2058 494 2087 eo
543 2044 651 2097 loco,
686 2044 800 2086 unde
834 2044 981 2087 exorsi
1014 2057 1175 2097 sumus,
1207 2044 1448 2097 prudentes
1480 2044 1676 2098 alioquin
1698 2044 1818 2087 viros
1850 2043 2113 2087 locutionem
2135 2057 2294 2088 novam
2328 2050 2374 2088 et
2405 2045 2449 2089 in
2482 2046 2601 2089 Livii

0 2118 67 2171 qui
100 2117 274 2171 quidem
308 2116 468 2170 reliqui
502 2119 606 2159 sunt
650 2116 775 2158 libris
821 2116 1006 2168 unicam,
1054 2116 1132 2158 sed
1175 2115 1494 2169 posterioribus
1540 2115 1842 2169 scriptoribuS,
1883 2115 2071 2158 maxime
2114 2115 2270 2158 Tacito
2312 2118 2601 2170 approbatam

0 2190 110 2233 nolle
159 2201 415 2244 agnoscere.
465 2189 543 2231 sed
588 2201 615 2231 a
647 2187 777 2230 Livio
810 2188 1064 2230 abiudicare
1109 2193 1155 2230 et
1197 2188 1433 2231 emendare
1473 2188 1615 2231 malle.
1690 2187 1828 2242 Quam
1872 2187 2102 2240 rationem,
2135 2191 2184 2231 ut
2216 2187 2305 2232 alia
2336 2190 2602 2240 omittamus,

0 2275 45 2305 eo
97 2261 266 2304 minore
320 2261 414 2303 iure
468 2260 534 2303 illi
588 2260 841 2314 praefracte
895 2260 1150 2313 plerumque
1203 2264 1422 2313 negantes
1468 2259 1590 2313 sequi
1643 2259 1864 2312 videntur,
1918 2271 2001 2313 quo
2061 2260 2188 2313 plura
2236 2261 2398 2314 prolixi
2452 2262 2600 2315 operis

0 2333 173 2376 Liviani
220 2332 385 2375 iniuria
430 2337 676 2386 temporum
753 2331 880 2374 nobis
928 2334 1083 2385 erepta
1127 2335 1242 2374 sunt.
1335 2331 1446 2374 Nam
1500 2336 1635 2385 quota
1685 2330 1829 2385 portio
1873 2336 1955 2385 est,
1999 2330 2073 2374 ubi
2129 2336 2308 2385 praeter
2364 2333 2600 2377 secundam

0 2405 203 2448 decadem
257 2408 397 2448 totam
453 2408 628 2447 centum
681 2403 773 2447 fere
828 2403 990 2446 desunt
1043 2403 1145 2446 libri
1199 2404 1254 2445 ab
1307 2403 1459 2446 ultimo
1523 2415 1686 2456 eorum,
1753 2402 1827 2456 qui
1879 2402 2150 2457 supersunt?
2234 2403 2295 2447 Et
2346 2403 2390 2447 in
2444 2405 2598 2460 deper-

0 2478 98 2520 iitis
147 2477 273 2520 libris
317 2480 502 2530 possunt
540 2477 668 2530 plura
707 2477 909 2530 exempla
948 2476 1155 2519 habuisse
1199 2476 1315 2518 tales
1358 2476 1615 2528 locutiones,
1650 2487 1762 2529 quae
1803 2476 1929 2518 nobis
1973 2475 2146 2528 quidem
2191 2476 2320 2519 hodie
2351 2476 2601 2530 singulares

0 2552 108 2601 sunt,
131 2560 214 2591 nec
236 2548 412 2591 dubium
437 2552 521 2598 est,
546 2547 651 2601 quin
672 2547 812 2590 multa
835 2559 995 2601 eorum,
1019 2558 1130 2600 quae
1162 2547 1206 2589 in
1230 2546 1384 2589 Tacito
1419 2550 1642 2601 tamquam
1674 2558 1790 2589 nova
1821 2545 2042 2601 miramur,
2065 2559 2187 2589 suam
2209 2546 2271 2589 ibi
2292 2547 2600 2591 auctoritatem

0 2620 244 2663 habuerint.
290 2621 360 2662 An
384 2620 624 2662 verisimile
658 2624 727 2662 est
760 2620 912 2662 horum
946 2626 1121 2662 centum
1155 2619 1363 2661 librorum
1397 2631 1639 2662 sermonem
1672 2618 1783 2661 adeo
1818 2617 2092 2661 concinuisse
2136 2630 2229 2661 cum
2277 2618 2438 2673 pusilla
2469 2632 2600 2673 quam

0 2693 202 2735 habemus
235 2697 378 2746 parte,
396 2692 441 2735 in
465 2704 552 2745 qua
574 2692 646 2735 vel
670 2691 767 2746 ipsa
789 2691 957 2746 primae
991 2691 1169 2734 decadis
1203 2692 1351 2734 stilum
1384 2704 1411 2734 a
1442 2690 1763 2745 posterioribus
1794 2690 1922 2733 libris
1954 2690 2089 2745 vulgo
2123 2690 2411 2734 discernimus
2443 2703 2523 2734 nec
2554 2692 2600 2735 id

0 2764 87 2807 sine
130 2763 263 2806 iure?
328 2764 415 2807 Sed
459 2776 513 2806 ea
556 2768 653 2806 tota
697 2763 912 2816 quaestio,
959 2775 1071 2816 quae
1117 2767 1186 2805 est
1231 2763 1285 2805 de
1332 2763 1462 2805 Livio
1504 2762 1715 2805 Taciteae
1757 2761 2016 2804 elocutionis
2057 2766 2248 2814 auctore,
2293 2761 2396 2804 aliis
2428 2774 2598 2816 quoque

0 2835 332 2878 difficultatibus
364 2835 579 2889 impedita
612 2840 696 2888 est,
720 2847 830 2888 quas
862 2846 977 2877 nuuc
1009 2846 1095 2877 non
1128 2834 1445 2887 persequimur,
1480 2838 1526 2877 et
1557 2834 1695 2888 ipsam
1718 2833 2021 2888 quaestionem
2054 2832 2267 2888 peculiari
2297 2833 2598 2888 disputatione

0 2907 109 2950 haud
142 2906 369 2962 indignam
404 2906 581 2950 nonnisi
614 2906 767 2961 paucis
810 2906 927 2949 forte
972 2905 1116 2949 obviis
1149 2906 1363 2960 exemplis
1395 2905 1622 2949 illustrare
1664 2905 1891 2949 eonsilium
1928 2908 2009 2959 est,
2053 2909 2102 2948 ut
2132 2905 2324 2949 fortasse
2357 2918 2487 2950 unam
2520 2911 2600 2950 aut

212 3098 239 3136 ¹)
292 3098 346 3133 Cf.
382 3097 465 3133 Liv.
501 3097 537 3141 5,
563 3097 597 3139 9,
623 3099 646 3132 8
686 3096 777 3130 victi
809 3106 986 3131 consensu
1021 3094 1183 3129 omnium
1223 3094 1372 3130 comitia
1406 3094 1634 3130 mbunorum
1667 3094 1826 3138 militum
1863 3094 2032 3139 habuere,
2068 3101 2105 3133 et
2140 3097 2193 3133 sic
2236 3097 2384 3142 saepius
2420 3106 2599 3131 consensu

0 3160 113 3193 ¹⁴¹ct¹⁴⁸
138 3158 282 3259 leg¹¹3¹¹f
295 3158 366 3253 C}
379 3157 467 3253 Ίῗέἑ.
484 3156 1068 3261 ἴιιυῗῖ4ῗ257127εσέἓινι31ῗίτὲνῖἰς
1093 3155 1418 3250 eifgtgg’qssbegss’
1440 3155 1713 3258 {marsicum
1738 3213 1813 3248 sibi
1841 3213 2027 3249 Tiberium
2051 3213 2221 3249 adscivit.

209 3277 238 3313 ³)
291 3278 403 3313 Plura
432 3277 596 3312 absoluti
625 3277 704 3311 eius
731 3276 837 3311 verbi
862 3286 951 3311 usus
976 3276 1146 3320 exempla
1171 3275 1333 3310 Liviana
1360 3275 1578 3320 suppeditat
1604 3275 1723 3310 Maur.
1750 3275 1907 3310 Mueller
1933 3275 1980 3309 ad
2006 3275 2039 3309 h.
2066 3275 2089 3309 1.
2117 3276 2273 3321 append.
2299 3287 2334 3322 p.
2363 3276 2442 3311 145.
